2008 3236
317 198 371 235 84
731 205 1023 249 Quadripartitus.
1075 206 1334 250 Argumentum
1359 205 1474 239 4—9.

316 337 487 391 bantur,
519 337 734 379 secundol
766 338 858 378 loco
881 337 933 378 de
960 340 1071 378 statu
1092 341 1134 378 et
1155 337 1330 392 agendis
1355 338 1474 392 regni
1495 338 1606 391 eius,
1635 337 1707 377 in2
1739 336 1879 391 oppri-

317 409 483 450 mendis
521 409 637 451 vitiis
669 413 710 450 et
741 409 948 463 augendis
981 409 1228 461 virtutibus,
1267 408 1470 463 quicquid
1503 408 1683 463 diligens
1715 408 1879 462 sapien-

316 484 405 522 tum
450 480 664 535 indagatio
708 480 844 521 valuit
885 480 1150 534 perscrutari.
1214 479 1273 534 [4]
1305 479 1509 520 Habitum
1554 483 1694 521 autem
1733 482 1797 520 est
1839 482 1880 520 et

317 553 508 593 omnium
549 551 890 606 comprobatione
934 552 1146 606 signatum
1191 554 1406 592 sanctum*
1449 551 1529 593 hoc
1560 554 1602 592 et
1638 550 1880 592 venerabile

315 617 562 664 comitium3
593 623 646 664 ad
679 623 847 664 laudem
880 626 922 664 et
951 623 1130 677 gloriam
1156 621 1248 673 Dei,
1280 623 1544 677 congregatis
1575 622 1687 677 apud
1714 622 1879 663 Winto-

315 696 456 736 niam4
500 696 628 736 totius
679 694 853 748 Anglie,
902 692 1056 747 Daciqb
1106 693 1358 749 primatibus
1406 694 1478 734 in4
1520 694 1653 735 natali
1694 692 1878 734 Domini.

318 766 377 821 [5]
412 766 493 807 Oui
530 769 697 807 tantum
734 765 786 807 ab
831 765 1028 807 omnibus
1074 765 1339 806 observantie
1377 765 1586 806 studiumc
1629 762 1879 820 inpensumd

318 841 391 891 est,
412 841 460 879 ut
469 838 497 891 5,
518 838 554 878 si
576 838 671 892 quis
692 837 772 878 hoc
793 838 920 878 tercia
941 837 1175 878 temeritate
1195 831 1463 891 perverteret,
1476 837 1690 878 communi
1712 837 1879 878 decreto

315 909 450 964 patrie
495 921 594 950 reus
641 912 749 950 esset
793 910 982 950 omnium
1021 921 1103 963 que
1139 908 1323 949 haberet.
1390 907 1448 963 [6]
1491 907 1700 950 Omnibus
1735 908 1880 962 itaque

318 981 595 1035 solempniter
627 994 675 1021 ac
713 980 938 1022 salubriter
974 980 1212 1033 institutis⁰,
1257 983 1305 1021 ut
1340 980 1573 1034 purgandis
1604 980 1735 1021 animi
1767 980 1880 1021 vitiis

317 1055 419 1105 (non
451 1052 610 1106 inpune
648 1051 848 1106 gentibus
886 1051 1139 1104 cruciandis)
1177 1065 1262 1106 pax
1295 1052 1458 1105 quesita
1491 1051 1722 1105 videretur,
1753 1052 1881 1092 tantis

318 1136 363 1164 se
394 1123 647 1178 gaudiorum
681 1122 967 1177 voluptatibus
989 1127 1030 1164 et
1051 1124 1178 1164 tantis
1201 1121 1400 1164 Cnudusf
1425 1122 1638 1165 subtraxit
1660 1118 1880 1175 illecebris,

319 1194 582 1249 Romamque
610 1194 787 1236 celebris
808 1195 1056 1249 peregrinus
1078 1194 1258 1247 advenit,
1291 1197 1592 1248 eternumque&
1622 1193 1705 1235 sibi
1725 1207 1880 1235 nomen

317 1279 391 1320 per
433 1266 577 1307 secula
613 1266 732 1318 fecit,
779 1265 851 1306 ubi
891 1269 1049 1320 quanta
1092 1266 1137 1306 in
1182 1265 1379 1306 omnibus
1416 1265 1676 1320 benignitate
1719 1265 1881 1319 claruit,

319 1341 526 1392 quantum
558 1337 618 1378 ibi
649 1338 765 1392 genti
797 1342 937 1391 nostre
969 1338 1252 1392 principatum
1274 1337 1447 1391 meruit,
1478 1341 1695 1378 recentum
1717 1350 1882 1392 semper

319 1409 610 1464 exemplorum
644 1409 857 1450 continuis
889 1408 1212 1463 allegationibus
1234 1408 1541 1450 habundamus.
1605 1408 1663 1463 [7]
1686 1408 1792 1450 Inde
1813 1421 1881 1449 co-

316 1481 435 1534 piosa
484 1480 623 1521 laudis
673 1493 721 1521 ac
771 1480 1008 1521 dilectionis
1057 1477 1375 1535 prosecutione¹¹
1418 1493 1630 1533 reversuS,
1673 1480 1881 1521 bonorum

323 1552 513 1593 omnium
546 1552 801 1593 testimoniis
834 1555 1026 1604 ornatus,
1062 1552 1225 1593 felicem
1260 1564 1334 1606 per
1364 1552 1506 1593 omnia
1536 1552 1665 1593 vitam
1695 1551 1879 1606 glorioso

315 1623 402 1664 fine
433 1622 661 1678 compleYit
673 1625 699 1663 ⁶.
764 1622 822 1678 [8]
850 1622 905 1664 Et
926 1621 1217 1664 obtinuerunti
1249 1622 1331 1664 sibi
1353 1636 1532 1678 regnum
1553 1623 1708 1677 Anglie
1729 1621 1880 1664 Harol-

317 1695 396 1736 dus
434 1698 477 1736 et
514 1692 863 1748 Hardecnudusk,
901 1694 1019 1749 digni
1056 1699 1171 1736 tanto
1215 1698 1332 1749 patre
1377 1694 1472 1748 filii,
1516 1695 1666 1736 miram
1708 1698 1879 1750 paterne

317 1766 554 1807 dulcedinis
591 1766 855 1821 flagrantiam
893 1767 1224 1820 circumquaque
1261 1766 1516 1820 redolentes,
1554 1779 1736 1820 quorum
1778 1779 1879 1812 sane

317 1837 575 1892 temporibus
618 1838 677 1878 ita
719 1841 888 1892 paterne
933 1835 1210 1879 liberalitatis¹
1254 1838 1454 1878 instantia
1490 1850 1577 1879 non
1620 1837 1790 1891 defecit,
1831 1841 1882 1879 ut

316 1922 518 1963 processu
539 1910 738 1963 temporis
758 1909 964 1950 libertatis
977 1909 1192 1963 amplioris
1205 1910 1466 1950 incrementa
1482 1909 1665 1950 sentiret.
1701 1908 1880 1964 [9]'1'an-

320 1981 418 2021 dem
450 1983 643 2022 revocato
658 1979 912 2034 Eadwardo,
943 1980 1176 2021 Adelredim
1208 1981 1320 2035 regis
1340 1980 1448 2033 filio,
1480 1981 1691 2022 mediante
1710 1980 1879 2022 Alwino

317 2052 603 2093 Wintoniensi
662 2053 856 2106 episcopo
907 2055 949 2093 et
992 2051 1201 2093 Godwiuo
1252 2053 1422 2106 comite,
1477 2052 1718 2094 convocatis
1766 2051 1879 2107 apud

316 2123 647 2164 Hursteshevet¹¹
691 2124 822 2164 totius
859 2123 1012 2178 Anglie
1057 2123 1302 2176 baronibus,
1346 2125 1403 2164 ita
1439 2123 1610 2165 demum
1654 2124 1698 2164 in
1735 2136 1879 2178 regem

317 2194 613 2249 suscipiendus
646 2194 827 2248 auditur,
858 2195 892 2235 si
925 2195 986 2236 eis
1019 2193 1156 2235 Cnudi
1188 2195 1302 2249 leges
1335 2198 1377 2236 et
1405 2194 1590 2236 filiorum
1623 2195 1714 2248 ejus
1736 2195 1880 2236 incon-

316 2267 440 2307 vulsa
476 2266 704 2307 stabilitate
742 2279 820 2307 suo
853 2269 1041 2321 tempore
1078 2279 1299 2307 mansuras
1339 2266 1565 2307 iuramenti
1596 2266 1879 2307 satisfactione

435 2407 469 2451 a)
501 2407 696 2442 secundum
733 2407 799 2441 hoc
837 2407 872 2441 in
906 2419 938 2441 v,
972 2406 1040 2443 Hk.
1133 2407 1168 2450 b)
1199 2407 1302 2452 Datie
1340 2407 1422 2442 Dm.
1514 2408 1547 2450 c)
1578 2407 1665 2441 stad.
1699 2407 1782 2442 Dm.
1809 2406 1878 2442 Hk.

317 2468 354 2511 d)
385 2479 425 2500 so
463 2467 503 2508 T‚·
550 2466 670 2511 inimp.
703 2466 793 2511 Dm,
831 2467 951 2511 inimp.
991 2466 1060 2501 Hk.
1153 2467 1185 2509 e)
1217 2466 1345 2500 institis
1378 2466 1459 2501 Dm.
1551 2467 1579 2510 f)
1610 2466 1777 2501 Knuthus
1808 2466 1878 2502 Hk.

317 2527 352 2572 g)
378 2538 418 2560 so
448 2526 488 2567 T;
521 2528 566 2561 et.
593 2527 676 2561 Dm.
757 2527 793 2564 h)
821 2537 909 2571 peis.
938 2526 1007 2560 Hk.
1088 2526 1114 2570 i)
1140 2528 1209 2570 opt.
1236 2526 1318 2560 Dm.
1399 2525 1435 2569 k)
1463 2526 1594 2560 -uthus
1619 2525 1688 2560 Hk.
1767 2526 1794 2571 1)
1818 2526 1878 2562 lib.

318 2607 361 2610 —
388 2586 556 2630 temporis
582 2586 670 2630 fehlt
686 2585 767 2620 Dm.
783 2586 851 2620 Hk.
926 2587 975 2630 m)
1002 2585 1118 2620 Athel.
1139 2586 1178 2625 T,·
1204 2585 1316 2619 Ethel.
1333 2585 1402 2619 Hk.
1478 2586 1514 2630 n)
1540 2597 1580 2619 so
1602 2585 1645 2627 T;
1671 2585 1774 2620 Hurt.
1789 2585 1880 2627 Dm;

316 2645 567 2679 Huitesheved
596 2645 664 2679 Hk.

439 2729 472 2772 1)
502 2729 575 2762 Aus
600 2728 637 2762 H
664 2728 713 2763 Cn
733 2728 789 2762 Pr.
878 2728 912 2770 2)
941 2729 1015 2762 Aus
1041 2728 1077 2762 H
1098 2727 1149 2762 Cn
1175 2727 1240 2762 Rb.
1268 2739 1348 2762 zum
1373 2727 1509 2773 Prolog.
1596 2728 1632 2772 3)
1657 2727 1723 2763 Mit
1746 2728 1879 2763 diesem

318 2788 422 2822 Wort
446 2787 587 2832 glossirt
605 2788 722 2822 vert:
747 2791 864 2832 yemot
890 2788 926 2821 II
947 2789 996 2822 As
1010 2788 1064 2822 20.
1151 2788 1187 2831 4)
1220 2789 1295 2821 Aus
1319 2788 1337 2821 I
1351 2787 1400 2822 Cn
1416 2787 1473 2821 Pr.
1560 2788 1596 2832 5)
1620 2787 1878 2823 AusHCn83.

317 2847 353 2891 6)
384 2847 483 2882 1035.
