2008 3236
310 223 393 261 158
450 229 616 275 Quadi-ip.
636 230 688 265 H:
722 230 776 264 12.
804 230 962 265 Gerhard
986 241 1021 265 v.
1042 230 1137 265 York
1163 241 1207 264 an
1226 230 1372 265 Anselm
1397 242 1430 265 V.
1452 230 1550 266 Cant.
1579 230 1676 265 Ende
1695 231 1798 267 1105.

221 373 275 408 [12]
308 377 379 415 per
408 364 692 404 ordinationem
723 365 803 416 (vel
833 365 961 415 magis
993 364 1249 404 ordinationis
1281 364 1598 417 similitudinem)
1629 365 1764 415 largiri
1785 376 1875 415 pre·-

309 436 448 485 sumit,
479 436 544 475 hic
573 436 762 475 nimirum
793 436 963 475 heresim
995 437 1170 475 incurrit.
1232 436 1351 475 Error
1380 436 1527 487 quippe
1557 440 1679 486 esset,
1712 437 1745 476 si
1765 439 1874 475 tanta

309 507 475 546 Romani
505 508 704 559 pontificis
735 511 775 547 et
805 508 1061 547 conciliorum
1091 508 1140 547 de
1171 508 1306 547 eadem
1335 520 1379 546 re
1410 508 1710 548 constitutorum
1741 510 1874 547 aucto-

308 579 422 618 ritate
452 591 515 619 res
535 580 645 618 ista*
675 580 868 630 prohibita
898 592 978 619 non
1009 582 1125 619 esset.
1188 579 1265 619 Sed
1295 575 1485 618 vetitumb
1517 580 1692 619 solemne
1719 583 1874 619 notum-

309 663 387 702 que
429 652 610 690 omnibus
653 654 761 690 tanto
805 655 1011 702 peccatum
1053 654 1256 702 aggravat,
1301 654 1446 702 quanto
1483 651 1586 690 circa
1611 651 1798 707 'digniora
1834 654 1876 690 et

309 723 445 761 divina
481 725 696 773 peccaturc,
739 723 835 761 dum
877 723 976 761 alter
1011 723 1120 772 dare,
1158 723 1258 762 alter
1299 723 1474 773 recipere
1510 723 1711 762 contendit
1745 722 1875 761 Deum

309 798 445 834 contra
476 794 549 834 Dei
580 795 839 844 voluntatem,
878 806 1101 845 sponsoque
1132 795 1268 833 celesti
1299 794 1529 834 fornicatrix
1565 794 1695 833 anima
1723 794 1876 845 privato

309 866 502 905 adulterio
551 867 700 904 nubere
744 865 885 905 nititur
922 870 1057 905 contra
1093 866 1286 916 legittime
1329 866 1498 917 sponse1
1533 866 1779 905 notissimam
1809 865 1876 904 de-

310 938 541 977 fensionem.
603 938 799 986 Precaris,
832 941 958 988 pater,
990 942 1030 977 et
1055 950 1207 987 mones,
1239 941 1285 976 ut
1304 941 1372 976 tua
1392 938 1490 976 mihi
1511 937 1740 977 dulcissima
1760 937 1878 975 verba

310 1006 483 1060 loquard,
515 1009 705 1060 precaris,
742 1013 788 1048 ut
817 1010 859 1047 in
890 1010 990 1048 bono
1021 1010 1220 1060 proposito
1250 1022 1330 1048 non
1361 1010 1464 1049 desit
1494 1009 1712 1048 constantia
1748 1020 1878 1059 neque

311 1094 437 1133 usque
467 1082 516 1120 ad
547 1082 666 1120 finem
696 1081 925 1131 pertingens
956 1081 1261 1132 perseverantia:
1300 1082 1398 1121 assit
1431 1082 1541 1121 favor
1567 1080 1711 1120 Divine
1742 1080 1877 1131 gratie,

311 1153 408 1192 assit
438 1152 631 1191 auxilium
664 1156 798 1192 sancte
829 1153 1016 1192 orationis
1046 1156 1132 1203 tue,
1164 1166 1244 1192 non
1275 1153 1412 1192 desum
1440 1153 1524 1192 Deo
1555 1155 1595 1192 et
1623 1152 1705 1191 tibi.
1757 1152 1879 1191 Ardet

312 1225 468 1264 animus
505 1237 618 1264 meus
654 1228 786 1263 tecum
823 1236 911 1263 esse
948 1228 988 1263 et
1024 1224 1258 1263 diuturnum
1288 1228 1462 1275 tempus,
1500 1237 1577 1275 quo
1607 1224 1728 1263 nimia
1757 1223 1878 1262 animi

313 1296 482 1346 segnitie
517 1309 540 1335 a
583 1296 742 1335 servitio
780 1296 853 1335 Dei
890 1297 1038 1346 torpui,
1082 1296 1215 1344 magni
1258 1297 1426 1336 alicuius
1468 1296 1611 1335 laboris
1649 1295 1879 1346 compendio

313 1380 621 1418 recompensare.
683 1368 735 1407 Et
765 1368 858 1407 11661
889 1368 1089 1417 gratuler2
1119 1369 1206 1418 paci
1238 1369 1361 1407 intere
1391 1371 1431 1407 te
1458 1370 1498 1406 et
1517 1367 1720 1406 dominum
1746 1378 1879 1417 regem

313 1440 469 1491 incepte
480 1440 507 1490 ²,
538 1440 608 1478 vix
638 1440 736 1478 mihi
767 1440 984 1490 persuadeo
1016 1439 1053 1478 ei
1083 1439 1297 1490 tranquille
1317 1440 1579 1491 adquiescere.
1641 1438 1753 1478 Licet
1773 1438 1880 1478 enim

313 1512 356 1550 in
388 1524 459 1562 spe
495 1511 748 1563 perfectionis
779 1512 879 1550 bona
910 1515 949 1550 et
976 1511 1146 1561 jocunda
1178 1511 1246 1560 sit,
1283 1511 1325 1550 in
1355 1524 1401 1550 eo
1438 1514 1569 1550 tamen
1599 1523 1731 1550 amara
1761 1509 1880 1549 nimis

315 1586 390 1633 est,
435 1584 528 1635 quia
570 1587 610 1623 te
640 1584 842 1622 absentem
885 1583 997 1622 nobis
1042 1583 1162 1622 facit3
1198 1583 1262 1622 vel
1299 1584 1501 1622 absentem
1537 1594 1626 1622 esse
1663 1582 1769 1621 sinit.
1829 1581 1882 1620 Et

315 1668 387 1695 nos
424 1655 585 1706 quidem
621 1655 712 1694 inde
749 1655 944 1703 dolemus,
982 1655 1074 1705 quia
1110 1658 1149 1693 te
1179 1655 1401 1704 diligimus,
1439 1655 1507 1706 qui
1537 1654 1580 1693 in
1609 1654 1724 1694 domo
1755 1653 1829 1692 Dei
1858 1665 1882 1691 a

315 1731 383 1766 tua
413 1727 664 1778 paternitate*
678 1727 839 1776 nutriri,
878 1726 946 1777 qui
977 1727 1018 1764 in
1050 1727 1139 1776 lege
1169 1726 1243 1765 Dei
1273 1727 1415 1775 nostri,
1453 1729 1492 1765 te
1523 1726 1702 1775 docente,
1734 1724 1882 1764 erudiri

316 1802 508 1849 optamus.
577 1799 759 1838 Dolorem
797 1799 919 1837 istum
957 1798 1026 1837 ille
1062 1811 1142 1837 non
1185 1798 1321 1847 sentit,
1365 1798 1433 1849 qui
1470 1797 1578 1836 inani
1615 1809 1686 1848 spe
1724 1796 1882 1835 honoris

315 1871 375 1909 tui
406 1871 566 1910 inflatus
597 1870 639 1908 in
670 1873 708 1909 te
740 1870 953 1920 conspirat,
993 1869 1134 1908 morti4
1165 1874 1232 1908 tue
1263 1870 1378 1920 quasi
1405 1869 1483 1908 iam
1509 1869 1688 1920 proxime
1723 1868 1881 1919 aspirat,

317 1945 378 1990 ut,
417 1943 609 1992 sanguine
648 1945 686 1981 et
715 1941 889 1981 lacrimis
921 1954 1138 1992 pauperum
1168 1941 1384 1991 delibutus,
1421 1944 1581 1980 tronum
1617 1943 1725 1980 ‘rante
1755 1939 1882 1990 digni-

317 2014 410 2053 tatis
441 2014 637 2053 ascendat.
699 2013 813 2052 Unde
840 2014 923 2063 jam
955 2013 1068 2064 quasi
1099 2013 1352 2052 archiflamen
1382 2013 1486 2052 inter
1515 2012 1668 2052 sodales
1701 2023 1792 2051 suos
1822 2012 1883 2050 in—

318 2085 450 2124 cedit5
481 2088 537 2131 et,
569 2086 663 2124 dum
695 2084 791 2123 vix⁶
822 2085 958 2123 oculos
988 2085 1109 2123 humo
1146 2084 1308 2131 attollit,
1345 2085 1448 2123 inter
1483 2084 1589 2125 labia
1624 2083 1757 2122 nescio
1789 2082 1884 2133 quid

319 2157 604 2196 sententiarum
636 2157 945 2205 submurmurat,
978 2169 1066 2195 cum
1100 2156 1269 2195 necdum
1289 2156 1459 2204 noverit,
1491 2155 1587 2206 quid
1607 2155 1660 2194 sit
1681 2153 1883 2193 sententia.

318 2229 378 2267 De
407 2232 476 2267 tua
507 2241 599 2267 vero
629 2228 820 2279 corporali
851 2228 1051 2278 presentia
1081 2227 1387 2278 equanimiorem
1425 2239 1488 2266 me
1518 2226 1646 2266 reddit
1674 2225 1759 2275 illa,
1797 2225 1884 2264 dul-

320 2300 477 2339 cissime
509 2304 635 2351 pater,
673 2303 741 2338 tua
771 2300 971 2350 presentia
1003 2312 1081 2351 qua
1111 2299 1209 2337 mihi
1239 2299 1282 2337 in
1312 2299 1368 2338 Eo
1399 2310 1561 2349 presens
1592 2310 1653 2347 es,
1691 2298 1759 2348 qui
1790 2309 1884 2336 nus-

440 2429 474 2474 a)
488 2429 574 2464 istas
593 2429 625 2463 T.
700 2428 735 2473 b)
751 2430 896 2463 ventum
912 2428 946 2462 T.
1021 2429 1054 2473 6)
1068 2430 1190 2472 peccat
1206 2427 1239 2462 T.
1313 2428 1349 2471 d)
1363 2427 1498 2462 bessere
1523 2426 1673 2471 sequar?
1746 2426 1779 2471 e)
1798 2425 1834 2460 in
1850 2425 1884 2459 T.

442 2525 476 2569 1)
503 2525 534 2558 d.
561 2524 595 2558 h.
629 2525 691 2558 der
715 2524 853 2558 Kirche.
929 2524 964 2568 2)
996 2523 1082 2558 Also
1114 2523 1206 2559 wohl
1238 2523 1319 2557 bald
1350 2522 1440 2557 nach
1472 2522 1540 2556 den
1565 2521 1664 2557 Ende
1688 2521 1760 2555 Juli
1794 2520 1885 2555 1105

323 2584 498 2619 zwischen
535 2584 705 2619 Heinrich
747 2584 819 2618 und
856 2583 1001 2618 Anselm
1047 2583 1318 2628 geschlossenen
1355 2581 1783 2626 Friedenspraliminarien
1825 2590 1884 2625 ge-

323 2644 519 2679 schrieben.
593 2645 628 2688 3)
656 2643 821 2678 Offenbar
845 2643 954 2677 bevor
978 2643 1034 2678 die
1061 2642 1337 2686 Gesandtschaft,
1363 2642 1418 2676 die
1443 2641 1479 2675 in
1491 2641 1581 2676 Rom
1607 2641 1669 2675 das
1695 2640 1887 2676 Conoordat

323 2704 510 2739 ratificiren
535 2703 653 2738 lassen
678 2702 795 2747 sollte,
822 2703 982 2747 England
1008 2702 1171 2747 verliess,
1197 2702 1272 2737 also
1296 2712 1362 2736 vor
1377 2701 1477 2737 1106.
1553 2702 1590 2745 4)
1608 2700 1674 2735 Die
1687 2699 1888 2745 Regierung

324 2763 512 2809 speculirte
549 2762 727 2798 vielleicht
762 2763 861 2797 Ende
901 2762 991 2798 1105
1030 2762 1092 2796 auf
1119 2761 1285 2796 Anselms
1315 2761 1402 2804 Tod3
1439 2760 1687 2805 Lieberniann,
1724 2759 1747 2793 l.
1778 2759 1801 2793 1.
1827 2759 1885 2793 41.
1935 2753 1941 2759 ⁶

325 2824 360 2868 J)
388 2823 545 2858 Gerhard
570 2822 679 2857 meint
704 2822 805 2856 einen
831 2821 1010 2856 hofischen
1032 2821 1190 2865 Bischof,
1217 2820 1306 2855 ohne
1331 2820 1462 2855 hohere
1482 2820 1644 2865 Bildung,
1670 2819 1718 2853 im
1737 2818 1886 2886 Finanz-

325 2886 414 2928 aiut,
440 2882 619 2918 vielleicht
644 2882 759 2926 Roger
784 2892 851 2916 xon
879 2880 1014 2916 Sar.un1
1094 2881 1130 2919 6)
1157 2880 1210 2915 Ox
1212 2880 1262 2916 id
1288 2880 1371 2915 Met.
1397 2880 1448 2925 H,
1474 2880 1555 2914 448.
