2008 3236
285 195 338 233 80
710 203 1000 248 Quadripartitus.
1050 203 1231 238 Dedicatio
1259 204 1422 238 21—24.

282 335 453 376 laudem
485 336 745 390 existimant,
777 337 812 377 si
844 336 948 377 alios
969 337 1229 391 vituperent,
1262 337 1336 391 qui
1357 337 1672 378 contradicendi
1693 337 1846 391 studio,

284 408 406 461 quasi
449 407 746 450 volutabrum1
789 407 869 448 luti
906 411 1087 461 motum,
1129 408 1260 462 fetore
1291 409 1540 463 gravissimo
1572 409 1714 450 vicina
1745 421 1847 463 que-

284 491 367 532 que
399 482 678 533 corrumpunt
708 481 750 520 et
780 479 922 533 pravis
944 479 1267 520 distractionum
1290 478 1397 520 odiis
1418 479 1713 534 superaccensi
1735 485 1847 533 sunt,

283 553 486 604 tanquam
513 550 618 592 alios
641 550 824 591 assiduis
845 550 1049 591 infamare
1075 550 1343 591 rumoribus*
1364 551 1495 606 regali
1515 551 1734 592 maiestate
1754 563 1847 605 per-

283 624 427 675 petuet
458 634 534 663 seu
567 622 855 663 consularium
888 621 1064 663 fascium
1099 622 1297 663 decernat
1327 622 1522 677 insignia.
1569 621 1657 677 [21]
1681 621 1728 663 Si
1749 635 1848 663 con—

283 693 464 747 spiciant
501 693 666 747 aliquos
703 692 783 734 sibi
824 696 1023 735 vacantes
1055 695 1078 734 a
1110 694 1428 734 conversatione
1458 693 1618 748 puplici
1650 694 1848 748 strepitus

283 767 325 804 et
355 764 647 805 illecebrarum
682 764 777 805 labe
809 762 1049 819 sepositosb,
1089 765 1163 819 qui
1196 764 1414 807 liberalem
1443 767 1728 820 paupertatem
1762 777 1849 806 ser·

286 835 440 877 vilibus
473 836 659 878 audeant
690 836 1056 878 intermundiciis2
1088 849 1289 878 excusare
1299 838 1326 890 3,
1363 837 1494 878 vitam
1523 836 1696 877 illorum
1725 849 1850 890 repu-

283 910 373 948 tant
415 908 644 961 insaniam,
689 911 744 949 et'
774 921 957 962 quorum
1007 907 1137 949 finem
1180 908 1321 963 gravis
1362 908 1587 949 infelicitas
1628 907 1850 948 laboriosis

285 979 449 1020 actibus
472 984 512 1020 et
532 979 756 1034 multiplici
779 992 945 1034 semper
966 980 1256 1034 angustiarum
1277 991 1432 1034 genere
1453 978 1661 1020 conficiat.
1702 978 1790 1033 [22]
1805 977 1850 1019 Si

283 1051 512 1106 respiciant
543 1051 647 1092 alios
679 1052 832 1092 aurea4
871 1051 1121 1092 deliciarum
1158 1051 1468 1092 mediocritatec
1498 1053 1738 1105 provectos,
1776 1050 1850 1104 qui

284 1122 507 1164 lautiorem
547 1123 675 1163 vitam
715 1123 838 1177 sequi
876 1123 943 1164 vel
982 1122 1148 1177 aliquos
1186 1122 1401 1177 dignitatis
1438 1121 1596 1177 gradus
1628 1124 1670 1163 et
1700 1121 1852 1163 idonea

285 1195 564 1248 promotionis
596 1197 823 1248 augmenta
854 1207 940 1235 non
973 1192 1251 1235 abhorreantd
1283 1196 1323 1235 et
1354 1193 1488 1248 magis
1518 1192 1718 1248 prodesse
1748 1205 1852 1247 gau-

285 1266 414 1307 deant
452 1270 492 1307 et
529 1265 691 1320 aliquid
730 1265 915 1306 audeant
950 1266 1060 1307 inter
1095 1265 1289 1306 homines
1327 1264 1530 1318 inveniri,
1567 1264 1644 1306 hos
1680 1263 1851 1317 infamia

285 1337 554 1379 denotatione
596 1338 795 1392 polluunt
839 1341 881 1378 et
925 1337 1081 1391 eternis
1125 1336 1382 1378 cruciatibus
1420 1336 1623 1392 deputare
1666 1335 1852 1391 preiudi-
1886 1324 1888 1326 .

286 1413 401 1462 cant,
440 1413 643 1464 tanquam
683 1409 802 1450 dives
833 1408 951 1451 Deus
988 1408 1169 1450 famulos
1208 1408 1360 1449 divites
1397 1407 1551 1450 habere
1582 1420 1670 1449 non
1705 1407 1851 1462 possit,

285 1482 345 1522 esi
377 1484 542 1522 tantum
583 1494 654 1522 eos
692 1484 858 1536 appetat
896 1481 970 1535 qui
1008 1479 1149 1522 luctuf
1182 1483 1223 1521 et
1260 1479 1440 1521 miseriis
1477 1478 1683 1534 perditam
1720 1478 1852 1520 vitam

285 1553 400 1608 turpi
438 1552 710 1595 mendicitate
747 1555 984 1594 sustentent
1028 1555 1068 1593 et
1107 1552 1182 1606 qui
1220 1551 1432 1593 cotidiane
1469 1550 1733 1593 necessitatis
1776 1549 1852 1591 ali-

286 1628 429 1666 menta
466 1624 690 1671 laboriosis
731 1623 1053 1678 fatigationibus
1097 1626 1286 1678 semperg
1330 1623 1566 1677 exquirant.
1630 1620 1718 1677 [23]
1762 1620 1852 1663 Nec

287 1696 418 1751 digna
463 1696 799 1737 consideratione
842 1696 1069 1749 mirantur,
1114 1694 1228 1749 quod
1275 1694 1510 1735 humanum
1559 1694 1706 1748 paucis
1751 1693 1855 1734 vivit

286 1781 439 1822 genus,
482 1781 562 1809 nec
607 1768 743 1809 omnis
787 1767 980 1824 voluptas
1025 1770 1099 1808 aut
1142 1766 1403 1808 divitiarum·
1435 1765 1569 1820 gloria
1617 1777 1719 1806 mox
1760 1764 1852 1819 ipso

286 1840 457 1881 nomine
500 1839 550 1881 fit
591 1839 780 1893 infamis,
823 1838 895 1880 sed
942 1839 1083 1893 potius
1129 1837 1276 1879 utendi
1319 1837 1444 1878 modo
1490 1835 1741 1878 sustinenda
1783 1834 1853 1876 vel

287 1911 503 1966 arguenda
545 1911 784 1966 sapientum
821 1909 979 1951 iudicio
1020 1912 1296 1964 temperatur,
1334 1909 1403 1950 et⁵
1439 1908 1486 1949 in
1523 1907 1640 1949 omni
1670 1907 1854 1960 natione,

287 1983 532 2024 conditione
565 1986 606 2023 et
637 1982 785 2023 ordine
817 1982 892 2036 qui
924 1981 1045 2022 timet
1076 1979 1214 2022 Deum
1247 1983 1289 2022 et
1321 1983 1519 2034 operatur
1548 1978 1756 2020 iustitiam
1787 1990 1854 2019 ac-

287 2057 434 2109 ceptus
455 2057 517 2095 est
529 2053 612 2106 Illi,
644 2054 733 2094 sive
754 2052 1001 2108 parentibus
1013 2051 1171 2093 infimis
1193 2051 1383 2092 inferiori
1403 2050 1647 2105 posteritate
1667 2048 1856 2090 tabescat

287 2129 328 2167 et
359 2123 429 2166 in¹¹
460 2124 654 2180 squalide
684 2124 945 2179 paupertatis
976 2122 1322 2165 incommoditate
1353 2120 1585 2172 mendicet,
1615 2123 1664 2161 ut
1695 2119 1748 2161 ad
1769 2120 1854 2172 vite

288 2197 477 2238 subsidia
502 2196 686 2251 presidia
712 2208 877 2250 semper
902 2195 1039 2236 aliena
1068 2194 1294 2247 desideret,
1326 2206 1401 2234 seu
1426 2204 1682 2247 proavorum
1710 2190 1855 2232 inclita

287 2269 504 2310 maiestate
530 2267 768 2309 celebretur
795 2271 835 2308 et
861 2267 952 2322 ipse
978 2266 1145 2321 puplico
1172 2265 1374 2306 bonitatis
1398 2263 1596 2319 preconio
1624 2263 1855 2316 decoratus,

287 2340 446 2381 crebris
483 2340 691 2381 honorum
730 2337 1068 2393 promotionibus
1106 2337 1191 2378 late
1222 2335 1497 2391 resplendeat.
1573 2333 1661 2389 [24]
1698 2332 1856 2375 Vereor

407 2483 440 2526 a)
474 2482 511 2516 in
543 2480 686 2516 selzcint
717 2491 768 2515 mc
799 2483 991 2524 erycinam.
1078 2479 1115 2523 b)
1141 2477 1314 2522 supositos
1345 2476 1428 2510 Dm.
1527 2475 1561 2519 c)
1592 2475 1744 2509 medroc.
1769 2473 1853 2508 Dm.

289 2543 325 2587 d)
352 2542 431 2576 obh.
458 2542 542 2575 Dm.
605 2541 639 2585 e)
666 2543 821 2585 erycinam
846 2550 898 2574 ac.
961 2539 989 2584 t)
1015 2538 1135 2573 lucatu
1161 2537 1243 2571 Dm.
1319 2536 1354 2582 g)
1380 2545 1483 2580 seper
1506 2533 1591 2569 Dm.
1664 2534 1702 2579 h)
1727 2533 1853 2578 inqua-

289 2601 359 2637 lide
385 2601 467 2635 Dm.

410 2685 444 2726 1)
469 2684 515 2719 Π.
530 2683 627 2718 Petri
642 2683 674 2728 2,
689 2683 744 2717 22.
832 2682 867 2726 2)
883 2678 1263 2716 Weltverhaltnissen‘?
1311 2676 1500 2712 Vielleicht
1524 2677 1590 2711 mit
1608 2675 1856 2711 Reminiscenz

288 2756 334 2780 an
360 2743 524 2789 Epicuri
548 2741 817 2777 intermundiis
843 2741 899 2775 bei
926 2740 1063 2783 Cicero,
1089 2739 1169 2773 Nat.
1196 2739 1250 2772 de.
1275 2737 1304 2781 I,
1325 2737 1357 2772 8.
1457 2737 1492 2781 3)
1519 2747 1563 2770 zu
1588 2734 1785 2779 entziehen,
1811 2745 1857 2768 zu

289 2805 451 2848 weigern.
537 2803 574 2847 4)
605 2802 721 2836 Horaz
749 2801 862 2836 Carni.
889 2800 927 2845 2,
957 2799 1017 2844 10,
1044 2801 1076 2833 5.
1163 2798 1198 2842 5)
1225 2798 1300 2831 Act.
1327 2798 1436 2841 apost.
1467 2795 1527 2840 10,
1554 2796 1610 2830 35.
1660 2793 1762 2828 Auch
1794 2794 1856 2828 das

288 2863 466 2908 Folgende
492 2862 633 2896 scheint
657 2861 749 2895 noch
777 2871 844 2894 von
869 2859 965 2904 quod
989 2857 1172 2903 abhangig.

1974 3229 1988 3236 't
1999 3154 2008 3181 ..oe
2006 3135 2008 3138 ι
1974 2741 2008 3122 ῚΨἯῆΨἯαΰιῦλᾶἐζιεῐ-Ᾰῑμ
1988 2623 2008 2737 &QQ-‘g
1996 2605 2004 2618 -
1994 2572 2004 2598 .oe
