<?xml version="1.0" encoding="UTF-8"?>
<!DOCTYPE html PUBLIC "-//W3C//DTD XHTML 1.0 Transitional//EN"
    "http://www.w3.org/TR/xhtml1/DTD/xhtml1-transitional.dtd">
<html xmlns="http://www.w3.org/1999/xhtml" xml:lang="en" lang="en">
 <head>
  <title>
</title>
<meta http-equiv="Content-Type" content="text/html;charset=utf-8" />
  <meta name='ocr-system' content='tesseract 3.04.00' />
  <meta name='ocr-capabilities' content='ocr_page ocr_carea ocr_par ocr_line ocrx_word'/>
</head>
<body>
  <div class='ocr_page' id='page_1' title='image "./quadripartitusei00liebuoft_0091.png"; bbox 0 0 2008 3236; ppageno 0'>
   <div class='ocr_carea' id='block_1_1' title="bbox 630 194 1756 247">
    <p class='ocr_par' dir='ltr' id='par_1_1' title="bbox 630 194 1756 247">
     <span class='ocr_line' id='line_1_1' title="bbox 630 194 1756 247; baseline -0.004 -10"><span class='ocrx_word' id='word_1_1' title='bbox 630 201 924 247; x_wconf 68' lang='lat' dir='ltr'>deripartitns.</span> <span class='ocrx_word' id='word_1_2' title='bbox 972 201 1155 237; x_wconf 57' lang='lat' dir='ltr'>Matio</span> <span class='ocrx_word' id='word_1_3' title='bbox 1180 201 1319 236; x_wconf 86' lang='lat'>1-12.</span> <span class='ocrx_word' id='word_1_4' title='bbox 1702 194 1756 232; x_wconf 85' lang='lat'>77</span> 
     </span>
    </p>
   </div>
   <div class='ocr_carea' id='block_1_2' title="bbox 194 319 1763 2316">
    <p class='ocr_par' dir='ltr' id='par_1_2' title="bbox 194 319 1763 2316">
     <span class='ocr_line' id='line_1_2' title="bbox 203 319 1760 389; baseline -0.003 -11"><span class='ocrx_word' id='word_1_5' title='bbox 203 335 391 387; x_wconf 64' lang='lat' dir='ltr'>batum</span> <span class='ocrx_word' id='word_1_6' title='bbox 421 319 653 389; x_wconf 70' lang='lat' dir='ltr'>aliquando</span> <span class='ocrx_word' id='word_1_7' title='bbox 685 335 834 376; x_wconf 74' lang='lat' dir='ltr'>etiam·</span> <span class='ocrx_word' id='word_1_8' title='bbox 863 334 1017 375; x_wconf 77' lang='lat' dir='ltr'>vitium</span> <span class='ocrx_word' id='word_1_9' title='bbox 1048 334 1151 375; x_wconf 77' lang='lat' dir='ltr'>vitio</span> <span class='ocrx_word' id='word_1_10' title='bbox 1172 333 1354 384; x_wconf 58' lang='lat' dir='ltr'>tomeun</span> <span class='ocrx_word' id='word_1_11' title='bbox 1385 333 1613 388; x_wconf 79' lang='lat' dir='ltr'>aliquando</span> <span class='ocrx_word' id='word_1_12' title='bbox 1638 333 1760 388; x_wconf 70' lang='lat' dir='ltr'>plui-a</span> 
     </span>
     <span class='ocr_line' id='line_1_3' title="bbox 201 403 1760 463; baseline -0.001 -15"><span class='ocrx_word' id='word_1_13' title='bbox 201 405 474 463; x_wconf 65' lang='lat' dir='ltr'>pudoribus</span> <span class='ocrx_word' id='word_1_14' title='bbox 501 405 571 447; x_wconf 82' lang='lat' dir='ltr'>vel</span> <span class='ocrx_word' id='word_1_15' title='bbox 599 406 799 461; x_wconf 73' lang='lat' dir='ltr'>pauciora</span> <span class='ocrx_word' id='word_1_16' title='bbox 826 404 1021 460; x_wconf 88' lang='lat' dir='ltr'>pluribus</span> <span class='ocrx_word' id='word_1_17' title='bbox 1040 404 1214 446; x_wconf 86' lang='lat' dir='ltr'>alternis</span> <span class='ocrx_word' id='word_1_18' title='bbox 1240 403 1613 446; x_wconf 84' lang='lat' dir='ltr'>substitutionibus</span> <span class='ocrx_word' id='word_1_19' title='bbox 1640 404 1760 446; x_wconf 90' lang='lat' dir='ltr'>obse-</span> 
     </span>
     <span class='ocr_line' id='line_1_4' title="bbox 201 475 1760 533; baseline -0.002 -13"><span class='ocrx_word' id='word_1_20' title='bbox 201 480 367 520; x_wconf 80' lang='lat' dir='ltr'>cuntur.</span> <span class='ocrx_word' id='word_1_21' title='bbox 427 476 492 533; x_wconf 80' lang='lat'>[7]</span> <span class='ocrx_word' id='word_1_22' title='bbox 520 475 785 532; x_wconf 72' lang='lat' dir='ltr'>Quapropter</span> <span class='ocrx_word' id='word_1_23' title='bbox 818 489 917 518; x_wconf 90' lang='lat' dir='ltr'>cum</span> <span class='ocrx_word' id='word_1_24' title='bbox 954 475 1008 518; x_wconf 92' lang='lat' dir='ltr'>de</span> <span class='ocrx_word' id='word_1_25' title='bbox 1043 476 1159 517; x_wconf 84' lang='lat' dir='ltr'>vitiis</span> <span class='ocrx_word' id='word_1_26' title='bbox 1196 475 1407 531; x_wconf 85' lang='lat' dir='ltr'>queritur,</span> <span class='ocrx_word' id='word_1_27' title='bbox 1443 478 1585 517; x_wconf 88' lang='lat' dir='ltr'>utrum</span> <span class='ocrx_word' id='word_1_28' title='bbox 1622 489 1668 518; x_wconf 85' lang='lat' dir='ltr'>se</span> <span class='ocrx_word' id='word_1_29' title='bbox 1704 476 1760 517; x_wconf 86' lang='lat' dir='ltr'>si-</span> 
     </span>
     <span class='ocr_line' id='line_1_5' title="bbox 201 546 1760 603; baseline -0.001 -13"><span class='ocrx_word' id='word_1_30' title='bbox 201 547 294 590; x_wconf 82' lang='lat' dir='ltr'>mul</span> <span class='ocrx_word' id='word_1_31' title='bbox 327 547 526 590; x_wconf 72' lang='lat' dir='ltr'>abdicent</span> <span class='ocrx_word' id='word_1_32' title='bbox 566 550 640 590; x_wconf 83' lang='lat' dir='ltr'>aut</span> <span class='ocrx_word' id='word_1_33' title='bbox 674 550 918 603; x_wconf 81' lang='lat' dir='ltr'>sequantur,</span> <span class='ocrx_word' id='word_1_34' title='bbox 960 546 1219 589; x_wconf 88' lang='lat' dir='ltr'>laboriosum</span> <span class='ocrx_word' id='word_1_35' title='bbox 1259 549 1324 588; x_wconf 78' lang='lat' dir='ltr'>est</span> <span class='ocrx_word' id='word_1_36' title='bbox 1358 547 1404 588; x_wconf 90' lang='lat' dir='ltr'>in</span> <span class='ocrx_word' id='word_1_37' title='bbox 1441 547 1503 588; x_wconf 89' lang='lat' dir='ltr'>eis</span> <span class='ocrx_word' id='word_1_38' title='bbox 1539 546 1760 589; x_wconf 82' lang='lat' dir='ltr'>ostendere</span> 
     </span>
     <span class='ocr_line' id='line_1_6' title="bbox 202 618 1760 674; baseline -0.002 -13"><span class='ocrx_word' id='word_1_39' title='bbox 202 618 318 674; x_wconf 84' lang='lat' dir='ltr'>quod</span> <span class='ocrx_word' id='word_1_40' title='bbox 346 619 522 674; x_wconf 85' lang='lat' dir='ltr'>planum</span> <span class='ocrx_word' id='word_1_41' title='bbox 551 622 615 660; x_wconf 69' lang='lat' dir='ltr'>aet</span> <span class='ocrx_word' id='word_1_42' title='bbox 643 619 689 660; x_wconf 91' lang='lat' dir='ltr'>in</span> <span class='ocrx_word' id='word_1_43' title='bbox 720 618 964 671; x_wconf 84' lang='lat' dir='ltr'>virtutibus,</span> <span class='ocrx_word' id='word_1_44' title='bbox 1002 631 1087 673; x_wconf 90' lang='lat' dir='ltr'>quo</span> <span class='ocrx_word' id='word_1_45' title='bbox 1124 618 1240 660; x_wconf 88' lang='lat' dir='ltr'>enim</span> <span class='ocrx_word' id='word_1_46' title='bbox 1275 631 1363 660; x_wconf 86' lang='lat' dir='ltr'>una</span> <span class='ocrx_word' id='word_1_47' title='bbox 1396 618 1534 659; x_wconf 82' lang='lat' dir='ltr'>virtus</span> <span class='ocrx_word' id='word_1_48' title='bbox 1570 618 1760 672; x_wconf 86' lang='lat' dir='ltr'>ingressa</span> 
     </span>
     <span class='ocr_line' id='line_1_7' title="bbox 201 688 1760 746; baseline -0.001 -14"><span class='ocrx_word' id='word_1_49' title='bbox 201 689 348 744; x_wconf 86' lang='lat' dir='ltr'>fuerit,</span> <span class='ocrx_word' id='word_1_50' title='bbox 388 690 571 746; x_wconf 85' lang='lat' dir='ltr'>profecto</span> <span class='ocrx_word' id='word_1_51' title='bbox 609 702 753 732; x_wconf 86' lang='lat' dir='ltr'>secum</span> <span class='ocrx_word' id='word_1_52' title='bbox 794 693 954 733; x_wconf 73' lang='lat' dir='ltr'>ceteras</span> <span class='ocrx_word' id='word_1_53' title='bbox 990 689 1125 742; x_wconf 86' lang='lat' dir='ltr'>ducit,</span> <span class='ocrx_word' id='word_1_54' title='bbox 1167 692 1283 731; x_wconf 81' lang='lat' dir='ltr'>tanta</span> <span class='ocrx_word' id='word_1_55' title='bbox 1333 688 1625 744; x_wconf 75' lang='lat' dir='ltr'>singularitate</span> <span class='ocrx_word' id='word_1_56' title='bbox 1667 690 1760 731; x_wconf 90' lang='lat' dir='ltr'>sine</span> 
     </span>
     <span class='ocr_line' id='line_1_8' title="bbox 202 760 1761 816; baseline -0.002 -11"><span class='ocrx_word' id='word_1_57' title='bbox 202 762 508 805; x_wconf 63' lang='lat' dir='ltr'>contrafiontis</span> <span class='ocrx_word' id='word_1_58' title='bbox 537 761 800 803; x_wconf 81' lang='lat' dir='ltr'>admixtione</span> <span class='ocrx_word' id='word_1_59' title='bbox 829 773 1030 815; x_wconf 85' lang='lat' dir='ltr'>conexas,</span> <span class='ocrx_word' id='word_1_60' title='bbox 1058 764 1109 803; x_wconf 88' lang='lat' dir='ltr'>ut</span> <span class='ocrx_word' id='word_1_61' title='bbox 1138 762 1213 816; x_wconf 89' lang='lat' dir='ltr'>qui</span> <span class='ocrx_word' id='word_1_62' title='bbox 1233 760 1408 803; x_wconf 82' lang='lat' dir='ltr'>offendit</span> <span class='ocrx_word' id='word_1_63' title='bbox 1432 761 1478 802; x_wconf 92' lang='lat' dir='ltr'>in</span> <span class='ocrx_word' id='word_1_64' title='bbox 1499 773 1597 813; x_wconf 83' lang='lat' dir='ltr'>una,</span> <span class='ocrx_word' id='word_1_65' title='bbox 1626 760 1761 802; x_wconf 84' lang='lat' dir='ltr'>factus</span> 
     </span>
     <span class='ocr_line' id='line_1_9' title="bbox 202 831 1761 888; baseline -0.001 -13"><span class='ocrx_word' id='word_1_66' title='bbox 202 832 261 875; x_wconf 76' lang='lat' dir='ltr'>sit</span> <span class='ocrx_word' id='word_1_67' title='bbox 293 833 487 875; x_wconf 85' lang='lat' dir='ltr'>omnium</span> <span class='ocrx_word' id='word_1_68' title='bbox 523 845 632 875; x_wconf 88' lang='lat' dir='ltr'>reus.</span> <span class='ocrx_word' id='word_1_69' title='bbox 694 832 754 888; x_wconf 92' lang='lat'>[8]</span> <span class='ocrx_word' id='word_1_70' title='bbox 791 831 941 874; x_wconf 85' lang='lat' dir='ltr'>Virtus</span> <span class='ocrx_word' id='word_1_71' title='bbox 970 833 1103 874; x_wconf 86' lang='lat' dir='ltr'>eciam</span> <span class='ocrx_word' id='word_1_72' title='bbox 1135 831 1314 874; x_wconf 80' lang='lat' dir='ltr'>diffinita</span> <span class='ocrx_word' id='word_1_73' title='bbox 1343 835 1424 885; x_wconf 80' lang='lat' dir='ltr'>est,</span> <span class='ocrx_word' id='word_1_74' title='bbox 1460 832 1638 874; x_wconf 81' lang='lat' dir='ltr'>scientia</span> <span class='ocrx_word' id='word_1_75' title='bbox 1668 845 1761 887; x_wconf 88' lang='lat' dir='ltr'>per—</span> 
     </span>
     <span class='ocr_line' id='line_1_10' title="bbox 202 902 1761 959; baseline -0.001 -13"><span class='ocrx_word' id='word_1_76' title='bbox 202 902 428 959; x_wconf 80' lang='lat' dir='ltr'>ceptibilis,</span> <span class='ocrx_word' id='word_1_77' title='bbox 463 907 612 958; x_wconf 73' lang='lat' dir='ltr'>nature</span> <span class='ocrx_word' id='word_1_78' title='bbox 649 907 947 956; x_wconf 76' lang='lat' dir='ltr'>consentanea,</span> <span class='ocrx_word' id='word_1_79' title='bbox 982 902 1199 946; x_wconf 86' lang='lat' dir='ltr'>infinitum</span> <span class='ocrx_word' id='word_1_80' title='bbox 1235 915 1336 945; x_wconf 85' lang='lat' dir='ltr'>vero</span> <span class='ocrx_word' id='word_1_81' title='bbox 1373 903 1534 956; x_wconf 72' lang='lat' dir='ltr'>malitie</span> <span class='ocrx_word' id='word_1_82' title='bbox 1576 902 1761 945; x_wconf 82' lang='lat' dir='ltr'>dedecus</span> 
     </span>
     <span class='ocr_line' id='line_1_11' title="bbox 202 974 1762 1030; baseline -0.001 -13"><span class='ocrx_word' id='word_1_83' title='bbox 202 977 248 1017; x_wconf 87' lang='lat' dir='ltr'>et</span> <span class='ocrx_word' id='word_1_84' title='bbox 275 987 303 1016; x_wconf 71' lang='grc' dir='ltr'>ι</span> <span class='ocrx_word' id='word_1_85' title='bbox 330 987 495 1017; x_wconf 83' lang='lat' dir='ltr'>summa</span> <span class='ocrx_word' id='word_1_86' title='bbox 525 975 714 1017; x_wconf 85' lang='lat' dir='ltr'>defectus</span> <span class='ocrx_word' id='word_1_87' title='bbox 743 975 925 1017; x_wconf 62' lang='lat' dir='ltr'>eaeentia</span> <span class='ocrx_word' id='word_1_88' title='bbox 954 987 1033 1016; x_wconf 89' lang='lat' dir='ltr'>nec</span> <span class='ocrx_word' id='word_1_89' title='bbox 1063 974 1145 1016; x_wconf 91' lang='lat' dir='ltr'>sub</span> <span class='ocrx_word' id='word_1_90' title='bbox 1165 974 1359 1016; x_wconf 83' lang='lat' dir='ltr'>alternali</span> <span class='ocrx_word' id='word_1_91' title='bbox 1377 975 1647 1030; x_wconf 75' lang='lat' dir='ltr'>generatione</span> <span class='ocrx_word' id='word_1_92' title='bbox 1666 987 1762 1030; x_wconf 89' lang='lat' dir='ltr'>pro-</span> 
     </span>
     <span class='ocr_line' id='line_1_12' title="bbox 203 1044 1760 1101; baseline 0 -13"><span class='ocrx_word' id='word_1_93' title='bbox 203 1045 374 1088; x_wconf 81' lang='lat' dir='ltr'>ducitur</span> <span class='ocrx_word' id='word_1_94' title='bbox 391 1058 469 1088; x_wconf 89' lang='lat' dir='ltr'>nec</span> <span class='ocrx_word' id='word_1_95' title='bbox 489 1044 629 1088; x_wconf 60' lang='lat' dir='ltr'>certo*</span> <span class='ocrx_word' id='word_1_96' title='bbox 658 1046 945 1088; x_wconf 88' lang='lat' dir='ltr'>multitudinis</span> <span class='ocrx_word' id='word_1_97' title='bbox 964 1045 1051 1088; x_wconf 88' lang='lat' dir='ltr'>fine</span> <span class='ocrx_word' id='word_1_98' title='bbox 1070 1046 1353 1088; x_wconf 79' lang='lat' dir='ltr'>concluditur.</span> <span class='ocrx_word' id='word_1_99' title='bbox 1405 1045 1465 1101; x_wconf 85' lang='lat'>[9]</span> <span class='ocrx_word' id='word_1_100' title='bbox 1488 1045 1626 1088; x_wconf 85' lang='lat' dir='ltr'>Omne</span> <span class='ocrx_word' id='word_1_101' title='bbox 1646 1047 1760 1088; x_wconf 87' lang='lat' dir='ltr'>enim</span> 
     </span>
     <span class='ocr_line' id='line_1_13' title="bbox 204 1116 1762 1173; baseline 0 -14"><span class='ocrx_word' id='word_1_102' title='bbox 204 1116 318 1172; x_wconf 89' lang='lat' dir='ltr'>quod</span> <span class='ocrx_word' id='word_1_103' title='bbox 348 1120 430 1170; x_wconf 82' lang='lat' dir='ltr'>est,</span> <span class='ocrx_word' id='word_1_104' title='bbox 471 1117 625 1159; x_wconf 88' lang='lat' dir='ltr'>iccirco</span> <span class='ocrx_word' id='word_1_105' title='bbox 662 1121 743 1170; x_wconf 81' lang='lat' dir='ltr'>est,</span> <span class='ocrx_word' id='word_1_106' title='bbox 779 1117 882 1172; x_wconf 89' lang='lat' dir='ltr'>quia</span> <span class='ocrx_word' id='word_1_107' title='bbox 912 1130 1045 1159; x_wconf 89' lang='lat' dir='ltr'>unum</span> <span class='ocrx_word' id='word_1_108' title='bbox 1077 1121 1160 1170; x_wconf 63' lang='grc' dir='ltr'>θείς</span> <span class='ocrx_word' id='word_1_109' title='bbox 1205 1116 1335 1171; x_wconf 86' lang='lat' dir='ltr'>unde,</span> <span class='ocrx_word' id='word_1_110' title='bbox 1378 1118 1580 1173; x_wconf 84' lang='lat' dir='ltr'>quoniam</span> <span class='ocrx_word' id='word_1_111' title='bbox 1615 1131 1641 1159; x_wconf 84' lang='lat' dir='ltr'>a</span> <span class='ocrx_word' id='word_1_112' title='bbox 1676 1118 1762 1172; x_wconf 92' lang='lat' dir='ltr'>pri-</span> 
     </span>
     <span class='ocr_line' id='line_1_14' title="bbox 203 1188 1761 1243; baseline 0 -13"><span class='ocrx_word' id='word_1_113' title='bbox 203 1189 311 1230; x_wconf 85' lang='lat' dir='ltr'>mis¹</span> <span class='ocrx_word' id='word_1_114' title='bbox 344 1200 486 1230; x_wconf 79' lang='lat' dir='ltr'>nerum</span> <span class='ocrx_word' id='word_1_115' title='bbox 521 1188 732 1231; x_wconf 74' lang='lat' dir='ltr'>natalibus</span> <span class='ocrx_word' id='word_1_116' title='bbox 767 1188 970 1231; x_wconf 72' lang='lat' dir='ltr'>nobilitas</span> <span class='ocrx_word' id='word_1_117' title='bbox 1005 1189 1051 1230; x_wconf 90' lang='lat' dir='ltr'>in</span> <span class='ocrx_word' id='word_1_118' title='bbox 1089 1189 1259 1231; x_wconf 89' lang='lat' dir='ltr'>homine</span> <span class='ocrx_word' id='word_1_119' title='bbox 1294 1201 1465 1231; x_wconf 84' lang='lat' dir='ltr'>cursum</span> <span class='ocrx_word' id='word_1_120' title='bbox 1502 1202 1639 1231; x_wconf 91' lang='lat' dir='ltr'>unum</span> <span class='ocrx_word' id='word_1_121' title='bbox 1675 1189 1761 1243; x_wconf 68' lang='lat' dir='ltr'>vite</span> 
     </span>
     <span class='ocr_line' id='line_1_15' title="bbox 203 1260 1762 1316; baseline 0 -14"><span class='ocrx_word' id='word_1_122' title='bbox 203 1271 373 1302; x_wconf 76' lang='lat' dir='ltr'>servare</span> <span class='ocrx_word' id='word_1_123' title='bbox 406 1272 494 1302; x_wconf 91' lang='lat' dir='ltr'>nou</span> <span class='ocrx_word' id='word_1_124' title='bbox 530 1260 688 1315; x_wconf 85' lang='lat' dir='ltr'>potuit,</span> <span class='ocrx_word' id='word_1_125' title='bbox 724 1260 779 1302; x_wconf 90' lang='lat' dir='ltr'>ad</span> <span class='ocrx_word' id='word_1_126' title='bbox 807 1261 1066 1316; x_wconf 85' lang='lat' dir='ltr'>sempiterna</span> <span class='ocrx_word' id='word_1_127' title='bbox 1095 1274 1297 1316; x_wconf 68' lang='lat' dir='ltr'>penarum</span> <span class='ocrx_word' id='word_1_128' title='bbox 1330 1260 1545 1314; x_wconf 84' lang='lat' dir='ltr'>incendia,</span> <span class='ocrx_word' id='word_1_129' title='bbox 1575 1261 1762 1316; x_wconf 75' lang='lat' dir='ltr'>cogenti-</span> 
     </span>
     <span class='ocr_line' id='line_1_16' title="bbox 203 1329 1762 1388; baseline 0.001 -16"><span class='ocrx_word' id='word_1_130' title='bbox 203 1329 286 1373; x_wconf 86' lang='lat' dir='ltr'>bus</span> <span class='ocrx_word' id='word_1_131' title='bbox 324 1330 528 1383; x_wconf 81' lang='lat' dir='ltr'>motibus,</span> <span class='ocrx_word' id='word_1_132' title='bbox 569 1330 790 1374; x_wconf 80' lang='lat' dir='ltr'>aberravit.</span> <span class='ocrx_word' id='word_1_133' title='bbox 864 1330 953 1388; x_wconf 90' lang='grc'>[10]</span> <span class='ocrx_word' id='word_1_134' title='bbox 983 1331 1127 1374; x_wconf 85' lang='lat' dir='ltr'>Hinc²</span> <span class='ocrx_word' id='word_1_135' title='bbox 1167 1344 1394 1387; x_wconf 86' lang='lat' dir='ltr'>regnorum</span> <span class='ocrx_word' id='word_1_136' title='bbox 1436 1331 1762 1387; x_wconf 79' lang='lat' dir='ltr'>cupiditatibuse</span> 
     </span>
     <span class='ocr_line' id='line_1_17' title="bbox 202 1401 1763 1458; baseline 0.001 -15"><span class='ocrx_word' id='word_1_137' title='bbox 202 1401 361 1455; x_wconf 66' lang='lat' dir='ltr'>malitie</span> <span class='ocrx_word' id='word_1_138' title='bbox 397 1401 640 1444; x_wconf 73' lang='lat' dir='ltr'>detestanda</span> <span class='ocrx_word' id='word_1_139' title='bbox 676 1403 810 1444; x_wconf 87' lang='lat' dir='ltr'>crevit</span> <span class='ocrx_word' id='word_1_140' title='bbox 844 1402 1097 1458; x_wconf 83' lang='lat' dir='ltr'>inprobitas3</span> <span class='ocrx_word' id='word_1_141' title='bbox 1141 1403 1242 1445; x_wconf 87' lang='lat' dir='ltr'>binc</span> <span class='ocrx_word' id='word_1_142' title='bbox 1277 1404 1433 1446; x_wconf 82' lang='lat' dir='ltr'>cecatis</span> <span class='ocrx_word' id='word_1_143' title='bbox 1467 1403 1685 1445; x_wconf 87' lang='lat' dir='ltr'>mentibus</span> <span class='ocrx_word' id='word_1_144' title='bbox 1721 1407 1763 1445; x_wconf 84' lang='lat' dir='ltr'>et</span> 
     </span>
     <span class='ocr_line' id='line_1_18' title="bbox 194 1472 1762 1530; baseline 0.001 -15"><span class='ocrx_word' id='word_1_145' title='bbox 194 1472 401 1528; x_wconf 54' lang='lat' dir='ltr'>‚malignis</span> <span class='ocrx_word' id='word_1_146' title='bbox 438 1473 806 1528; x_wconf 77' lang='lat' dir='ltr'>indignationibus</span> <span class='ocrx_word' id='word_1_147' title='bbox 841 1475 998 1530; x_wconf 80' lang='lat' dir='ltr'>agitata</span> <span class='ocrx_word' id='word_1_148' title='bbox 1031 1487 1100 1516; x_wconf 81' lang='lat' dir='ltr'>res</span> <span class='ocrx_word' id='word_1_149' title='bbox 1135 1474 1318 1517; x_wconf 88' lang='lat' dir='ltr'>aliorum</span> <span class='ocrx_word' id='word_1_150' title='bbox 1354 1475 1502 1517; x_wconf 90' lang='lat' dir='ltr'>tollere</span> <span class='ocrx_word' id='word_1_151' title='bbox 1537 1475 1762 1517; x_wconf 88' lang='lat' dir='ltr'>lacrimosa</span> 
     </span>
     <span class='ocr_line' id='line_1_19' title="bbox 204 1543 1763 1602; baseline 0.002 -16"><span class='ocrx_word' id='word_1_152' title='bbox 204 1543 446 1586; x_wconf 72' lang='lat' dir='ltr'>mortalium</span> <span class='ocrx_word' id='word_1_153' title='bbox 482 1544 697 1587; x_wconf 84' lang='lat' dir='ltr'>calamitas</span> <span class='ocrx_word' id='word_1_154' title='bbox 726 1546 964 1600; x_wconf 81' lang='lat' dir='ltr'>usurpavit3</span> <span class='ocrx_word' id='word_1_155' title='bbox 1001 1559 1122 1599; x_wconf 83' lang='lat' dir='ltr'>mox,</span> <span class='ocrx_word' id='word_1_156' title='bbox 1157 1546 1410 1601; x_wconf 74' lang='lat' dir='ltr'>procedente</span> <span class='ocrx_word' id='word_1_157' title='bbox 1443 1550 1632 1602; x_wconf 86' lang='lat' dir='ltr'>tempore</span> <span class='ocrx_word' id='word_1_158' title='bbox 1668 1559 1763 1602; x_wconf 91' lang='lat' dir='ltr'>per-</span> 
     </span>
     <span class='ocr_line' id='line_1_20' title="bbox 204 1615 1762 1673; baseline 0.003 -18"><span class='ocrx_word' id='word_1_159' title='bbox 204 1618 356 1671; x_wconf 77' lang='lat' dir='ltr'>vagata</span> <span class='ocrx_word' id='word_1_160' title='bbox 390 1615 578 1671; x_wconf 72' lang='lat' dir='ltr'>licentia,</span> <span class='ocrx_word' id='word_1_161' title='bbox 614 1620 765 1659; x_wconf 78' lang='lat' dir='ltr'>cuncta</span> <span class='ocrx_word' id='word_1_162' title='bbox 794 1616 1052 1672; x_wconf 86' lang='lat' dir='ltr'>flagitiorum</span> <span class='ocrx_word' id='word_1_163' title='bbox 1087 1629 1262 1673; x_wconf 87' lang='lat' dir='ltr'>genera,</span> <span class='ocrx_word' id='word_1_164' title='bbox 1298 1621 1451 1660; x_wconf 80' lang='lat' dir='ltr'>cuncta</span> <span class='ocrx_word' id='word_1_165' title='bbox 1480 1618 1583 1660; x_wconf 83' lang='lat' dir='ltr'>mali</span> <span class='ocrx_word' id='word_1_166' title='bbox 1613 1618 1762 1660; x_wconf 86' lang='lat' dir='ltr'>discri-</span> 
     </span>
     <span class='ocr_line' id='line_1_21' title="bbox 204 1686 1762 1745; baseline 0.002 -17"><span class='ocrx_word' id='word_1_167' title='bbox 204 1686 319 1728; x_wconf 83' lang='lat' dir='ltr'>mina</span> <span class='ocrx_word' id='word_1_168' title='bbox 355 1686 481 1742; x_wconf 83' lang='lat' dir='ltr'>plena</span> <span class='ocrx_word' id='word_1_169' title='bbox 515 1689 783 1730; x_wconf 82' lang='lat' dir='ltr'>concretione</span> <span class='ocrx_word' id='word_1_170' title='bbox 819 1687 1119 1730; x_wconf 86' lang='lat' dir='ltr'>redundarunt.</span> <span class='ocrx_word' id='word_1_171' title='bbox 1182 1688 1223 1744; x_wconf 93' lang='lat' dir='ltr'>[l</span> <span class='ocrx_word' id='word_1_172' title='bbox 1231 1689 1272 1745; x_wconf 90' lang='lat'>1]</span> <span class='ocrx_word' id='word_1_173' title='bbox 1309 1689 1427 1731; x_wconf 83' lang='lat' dir='ltr'>Tunc</span> <span class='ocrx_word' id='word_1_174' title='bbox 1454 1690 1637 1744; x_wconf 62' lang='lat' dir='ltr'>avaricie</span> <span class='ocrx_word' id='word_1_175' title='bbox 1668 1691 1762 1731; x_wconf 85' lang='lat' dir='ltr'>stri-</span> 
     </span>
     <span class='ocr_line' id='line_1_22' title="bbox 204 1756 1762 1816; baseline 0.003 -17"><span class='ocrx_word' id='word_1_176' title='bbox 204 1756 356 1800; x_wconf 87' lang='lat' dir='ltr'>dulum</span> <span class='ocrx_word' id='word_1_177' title='bbox 384 1770 581 1800; x_wconf 89' lang='lat' dir='ltr'>murmur</span> <span class='ocrx_word' id='word_1_178' title='bbox 609 1763 651 1801; x_wconf 88' lang='lat' dir='ltr'>et</span> <span class='ocrx_word' id='word_1_179' title='bbox 680 1759 894 1801; x_wconf 84' lang='lat' dir='ltr'>habendi²</span> <span class='ocrx_word' id='word_1_180' title='bbox 921 1773 1053 1816; x_wconf 87' lang='lat' dir='ltr'>prava</span> <span class='ocrx_word' id='word_1_181' title='bbox 1081 1761 1176 1802; x_wconf 89' lang='lat' dir='ltr'>sitis</span> <span class='ocrx_word' id='word_1_182' title='bbox 1206 1761 1436 1813; x_wconf 81' lang='lat' dir='ltr'>inhorruit3</span> <span class='ocrx_word' id='word_1_183' title='bbox 1467 1766 1571 1803; x_wconf 89' lang='lat' dir='ltr'>tunc</span> <span class='ocrx_word' id='word_1_184' title='bbox 1589 1761 1762 1815; x_wconf 67' lang='lat' dir='ltr'>luxurie</span> 
     </span>
     <span class='ocr_line' id='line_1_23' title="bbox 205 1827 1763 1887; baseline 0.002 -15"><span class='ocrx_word' id='word_1_185' title='bbox 205 1827 475 1872; x_wconf 78' lang='lat' dir='ltr'>dissolventis</span> <span class='ocrx_word' id='word_1_186' title='bbox 510 1830 745 1872; x_wconf 86' lang='lat' dir='ltr'>sordidiora</span> <span class='ocrx_word' id='word_1_187' title='bbox 780 1843 952 1886; x_wconf 85' lang='lat' dir='ltr'>genera,</span> <span class='ocrx_word' id='word_1_188' title='bbox 988 1835 1091 1873; x_wconf 88' lang='lat' dir='ltr'>tunc</span> <span class='ocrx_word' id='word_1_189' title='bbox 1121 1833 1361 1887; x_wconf 70' lang='lat' dir='ltr'>promiscue</span> <span class='ocrx_word' id='word_1_190' title='bbox 1398 1832 1598 1875; x_wconf 79' lang='lat' dir='ltr'>libidines</span> <span class='ocrx_word' id='word_1_191' title='bbox 1627 1836 1670 1875; x_wconf 88' lang='lat' dir='ltr'>et</span> <span class='ocrx_word' id='word_1_192' title='bbox 1698 1834 1763 1874; x_wconf 93' lang='lat' dir='ltr'>in-</span> 
     </span>
     <span class='ocr_line' id='line_1_24' title="bbox 204 1900 1763 1959; baseline 0.003 -17"><span class='ocrx_word' id='word_1_193' title='bbox 204 1903 321 1942; x_wconf 79' lang='lat' dir='ltr'>cesta</span> <span class='ocrx_word' id='word_1_194' title='bbox 343 1900 550 1943; x_wconf 84' lang='lat' dir='ltr'>mollicies</span> <span class='ocrx_word' id='word_1_195' title='bbox 558 1902 587 1954; x_wconf 80' lang='lat'>³,</span> <span class='ocrx_word' id='word_1_196' title='bbox 615 1906 718 1944; x_wconf 83' lang='lat' dir='ltr'>tunc</span> <span class='ocrx_word' id='word_1_197' title='bbox 761 1903 1006 1956; x_wconf 73' lang='lat' dir='ltr'>„semiulci4</span> <span class='ocrx_word' id='word_1_198' title='bbox 1035 1915 1263 1958; x_wconf 89' lang='lat' dir='ltr'>puerorum</span> <span class='ocrx_word' id='word_1_199' title='bbox 1294 1904 1458 1945; x_wconf 84' lang='lat' dir='ltr'>suavii“</span> <span class='ocrx_word' id='word_1_200' title='bbox 1493 1908 1536 1946; x_wconf 87' lang='lat' dir='ltr'>et</span> <span class='ocrx_word' id='word_1_201' title='bbox 1561 1918 1642 1959; x_wconf 70' lang='lat' dir='ltr'>que</span> <span class='ocrx_word' id='word_1_202' title='bbox 1670 1918 1763 1946; x_wconf 91' lang='lat' dir='ltr'>mu-</span> 
     </span>
     <span class='ocr_line' id='line_1_25' title="bbox 203 1969 1763 2029; baseline 0.004 -17"><span class='ocrx_word' id='word_1_203' title='bbox 203 1969 332 2013; x_wconf 78' lang='lat' dir='ltr'>lieres</span> <span class='ocrx_word' id='word_1_204' title='bbox 366 1972 455 2026; x_wconf 84' lang='lat' dir='ltr'>pati</span> <span class='ocrx_word' id='word_1_205' title='bbox 490 1973 643 2027; x_wconf 69' lang='lat' dir='ltr'>misere</span> <span class='ocrx_word' id='word_1_206' title='bbox 680 1973 869 2015; x_wconf 83' lang='lat' dir='ltr'>libidinis</span> <span class='ocrx_word' id='word_1_207' title='bbox 906 1979 1117 2029; x_wconf 86' lang='lat' dir='ltr'>coguntur</span> <span class='ocrx_word' id='word_1_208' title='bbox 1152 1975 1363 2017; x_wconf 89' lang='lat' dir='ltr'>incendiis</span> <span class='ocrx_word' id='word_1_209' title='bbox 1393 1981 1437 2017; x_wconf 86' lang='lat' dir='ltr'>et</span> <span class='ocrx_word' id='word_1_210' title='bbox 1472 1977 1497 2017; x_wconf 83' lang='lat'><em>6</em></span> <span class='ocrx_word' id='word_1_211' title='bbox 1534 1979 1651 2017; x_wconf 85' lang='lat' dir='ltr'>tanta</span> <span class='ocrx_word' id='word_1_212' title='bbox 1681 1977 1763 2017; x_wconf 91' lang='lat' dir='ltr'>cri-</span> 
     </span>
     <span class='ocr_line' id='line_1_26' title="bbox 207 2042 1763 2101; baseline 0.003 -17"><span class='ocrx_word' id='word_1_213' title='bbox 207 2042 370 2084; x_wconf 86' lang='lat' dir='ltr'>minum</span> <span class='ocrx_word' id='word_1_214' title='bbox 430 2043 643 2085; x_wconf 84' lang='lat' dir='ltr'>reticenda</span> <span class='ocrx_word' id='word_1_215' title='bbox 701 2043 862 2100; x_wconf 81' lang='lat' dir='ltr'>flagitia</span> <span class='ocrx_word' id='word_1_216' title='bbox 921 2046 1174 2100; x_wconf 69' lang='lat' dir='ltr'>preposteris</span> <span class='ocrx_word' id='word_1_217' title='bbox 1235 2047 1480 2101; x_wconf 85' lang='lat' dir='ltr'>passionum</span> <span class='ocrx_word' id='word_1_218' title='bbox 1535 2047 1763 2089; x_wconf 84' lang='lat' dir='ltr'>incentivis</span> 
     </span>
     <span class='ocr_line' id='line_1_27' title="bbox 205 2111 1762 2173; baseline 0.004 -19"><span class='ocrx_word' id='word_1_219' title='bbox 205 2111 493 2156; x_wconf 69' lang='lat' dir='ltr'>abundarunt!</span> <span class='ocrx_word' id='word_1_220' title='bbox 556 2114 645 2170; x_wconf 89' lang='grc'>[12]</span> <span class='ocrx_word' id='word_1_221' title='bbox 677 2114 812 2157; x_wconf 78' lang='lat' dir='ltr'>Multa</span> <span class='ocrx_word' id='word_1_222' title='bbox 843 2129 1014 2171; x_wconf 86' lang='lat' dir='ltr'>quoque</span> <span class='ocrx_word' id='word_1_223' title='bbox 1044 2117 1097 2158; x_wconf 86' lang='lat' dir='ltr'>ad</span> <span class='ocrx_word' id='word_1_224' title='bbox 1129 2117 1241 2158; x_wconf 88' lang='lat' dir='ltr'>diem</span> <span class='ocrx_word' id='word_1_225' title='bbox 1271 2118 1379 2160; x_wconf 87' lang='lat' dir='ltr'>hanc</span> <span class='ocrx_word' id='word_1_226' title='bbox 1410 2131 1466 2160; x_wconf 81' lang='lat' dir='ltr'>ex</span> <span class='ocrx_word' id='word_1_227' title='bbox 1485 2119 1648 2173; x_wconf 89' lang='lat' dir='ltr'>iniquis</span> <span class='ocrx_word' id='word_1_228' title='bbox 1668 2131 1762 2173; x_wconf 90' lang='lat' dir='ltr'>pro-</span> 
     </span>
     <span class='ocr_line' id='line_1_28' title="bbox 205 2184 1762 2240; baseline 0.003 -14"><span class='ocrx_word' id='word_1_229' title='bbox 205 2184 337 2227; x_wconf 71' lang='lat' dir='ltr'>oecati</span> <span class='ocrx_word' id='word_1_230' title='bbox 366 2184 473 2226; x_wconf 88' lang='lat' dir='ltr'>diris</span> <span class='ocrx_word' id='word_1_231' title='bbox 501 2186 862 2240; x_wconf 82' lang='lat' dir='ltr'>profanationibus</span> <span class='ocrx_word' id='word_1_232' title='bbox 892 2187 1139 2229; x_wconf 86' lang='lat' dir='ltr'>adiecerunt</span> <span class='ocrx_word' id='word_1_233' title='bbox 1158 2192 1201 2230; x_wconf 89' lang='lat' dir='ltr'>et</span> <span class='ocrx_word' id='word_1_234' title='bbox 1220 2192 1335 2231; x_wconf 79' lang='lat' dir='ltr'>tante</span> <span class='ocrx_word' id='word_1_235' title='bbox 1355 2189 1612 2231; x_wconf 86' lang='lat' dir='ltr'>crudelitatis</span> <span class='ocrx_word' id='word_1_236' title='bbox 1631 2191 1762 2231; x_wconf 85' lang='lat' dir='ltr'>atroci</span> 
     </span>
     <span class='ocr_line' id='line_1_29' title="bbox 205 2253 1762 2316; baseline 0.004 -20"><span class='ocrx_word' id='word_1_237' title='bbox 205 2253 368 2298; x_wconf 76' lang='lat' dir='ltr'>fel-itate</span> <span class='ocrx_word' id='word_1_238' title='bbox 386 2256 687 2312; x_wconf 81' lang='lat' dir='ltr'>multiplicant,</span> <span class='ocrx_word' id='word_1_239' title='bbox 716 2262 765 2299; x_wconf 92' lang='lat' dir='ltr'>ut</span> <span class='ocrx_word' id='word_1_240' title='bbox 785 2259 810 2300; x_wconf 85' lang='grc' dir='ltr'><em>ὁ</em></span> <span class='ocrx_word' id='word_1_241' title='bbox 830 2259 1038 2300; x_wconf 80' lang='lat' dir='ltr'>malorum</span> <span class='ocrx_word' id='word_1_242' title='bbox 1058 2259 1333 2301; x_wconf 76' lang='lat' dir='ltr'>multitudine</span> <span class='ocrx_word' id='word_1_243' title='bbox 1353 2261 1511 2315; x_wconf 85' lang='lat' dir='ltr'>pariter</span> <span class='ocrx_word' id='word_1_244' title='bbox 1531 2274 1581 2302; x_wconf 86' lang='lat' dir='ltr'>ac</span> <span class='ocrx_word' id='word_1_245' title='bbox 1600 2262 1762 2316; x_wconf 83' lang='lat' dir='ltr'>magni—</span> 
     </span>
    </p>
   </div>
   <div class='ocr_carea' id='block_1_3' title="bbox 118 2325 1763 2394">
    <p class='ocr_par' dir='ltr' id='par_1_3' title="bbox 62 2325 1763 2394">
     <span class='ocr_line' id='line_1_30' title="bbox 118 2325 1763 2394; baseline 0.004 -25.802"><span class='ocrx_word' id='word_1_246' title='bbox 118 2388 128 2394; x_wconf 23' lang='grc'>4</span> <span class='ocrx_word' id='word_1_247' title='bbox 207 2325 354 2368; x_wconf 80' lang='lat' dir='ltr'>tmline</span> <span class='ocrx_word' id='word_1_248' title='bbox 388 2329 704 2383; x_wconf 89' lang='lat' dir='ltr'>conquerendo,</span> <span class='ocrx_word' id='word_1_249' title='bbox 740 2330 1004 2372; x_wconf 90' lang='lat' dir='ltr'>condolendo</span> <span class='ocrx_word' id='word_1_250' title='bbox 1039 2331 1356 2386; x_wconf 84' lang='lat' dir='ltr'>proclamemus.</span> <span class='ocrx_word' id='word_1_251' title='bbox 1418 2332 1495 2374; x_wconf 84' lang='lat' dir='ltr'>Hii</span> <span class='ocrx_word' id='word_1_252' title='bbox 1531 2345 1632 2375; x_wconf 86' lang='lat' dir='ltr'>sane</span> <span class='ocrx_word' id='word_1_253' title='bbox 1667 2333 1763 2374; x_wconf 90' lang='lat' dir='ltr'>reli-</span> 
     </span>
    </p>
   </div>
   <div class='ocr_carea' id='block_1_4' title="bbox 0 0 140 3236">
    <p class='ocr_par' dir='ltr' id='par_1_4' title="bbox 0 0 140 3236">
     <span class='ocr_line' id='line_1_31' title="bbox 0 0 140 3236; baseline 0 0"><span class='ocrx_word' id='word_1_254' title='bbox 0 0 140 3236; x_wconf 95' lang='lat' dir='ltr'> </span> 
     </span>
    </p>
   </div>
   <div class='ocr_carea' id='block_1_5' title="bbox 208 2410 489 2417">
    <p class='ocr_par' dir='ltr' id='par_1_5' title="bbox 208 2410 489 2417">
     <span class='ocr_line' id='line_1_32' title="bbox 208 2410 489 2417; baseline 0 819"><span class='ocrx_word' id='word_1_255' title='bbox 208 2410 489 2417; x_wconf 95' lang='lat' dir='ltr'> </span> 
     </span>
    </p>
   </div>
   <div class='ocr_carea' id='block_1_6' title="bbox 325 2457 1418 2506">
    <p class='ocr_par' dir='ltr' id='par_1_6' title="bbox 325 2457 1418 2506">
     <span class='ocr_line' id='line_1_33' title="bbox 325 2457 1418 2506; baseline 0.005 -15"><span class='ocrx_word' id='word_1_256' title='bbox 325 2457 360 2501; x_wconf 80' lang='lat' dir='ltr'>a)</span> <span class='ocrx_word' id='word_1_257' title='bbox 383 2457 490 2503; x_wconf 68' lang='lat' dir='ltr'>etiam</span> <span class='ocrx_word' id='word_1_258' title='bbox 513 2457 597 2492; x_wconf 90' lang='lat' dir='ltr'>Dm.</span> <span class='ocrx_word' id='word_1_259' title='bbox 671 2458 708 2503; x_wconf 87' lang='lat' dir='ltr'>b)</span> <span class='ocrx_word' id='word_1_260' title='bbox 733 2461 828 2494; x_wconf 81' lang='lat' dir='ltr'>certa</span> <span class='ocrx_word' id='word_1_261' title='bbox 852 2458 936 2494; x_wconf 90' lang='lat' dir='ltr'>Dm.</span> <span class='ocrx_word' id='word_1_262' title='bbox 1033 2461 1067 2505; x_wconf 86' lang='lat' dir='ltr'>c)</span> <span class='ocrx_word' id='word_1_263' title='bbox 1092 2461 1310 2506; x_wconf 82' lang='lat' dir='ltr'>cupidinitat.</span> <span class='ocrx_word' id='word_1_264' title='bbox 1335 2461 1418 2496; x_wconf 92' lang='lat' dir='ltr'>Dm.</span> 
     </span>
    </p>
   </div>
   <div class='ocr_carea' id='block_1_7' title="bbox 208 2533 1762 2766">
    <p class='ocr_par' dir='ltr' id='par_1_7' title="bbox 208 2533 1762 2766">
     <span class='ocr_line' id='line_1_34' title="bbox 327 2533 1758 2591; baseline 0.003 -18"><span class='ocrx_word' id='word_1_265' title='bbox 327 2540 363 2583; x_wconf 96' lang='grc'>1)</span> <span class='ocrx_word' id='word_1_266' title='bbox 387 2533 580 2576; x_wconf 71' lang='grc' dir='ltr'>Ᾰ1ιιι1ἰοΙιθι·</span> <span class='ocrx_word' id='word_1_267' title='bbox 592 2541 758 2577; x_wconf 83' lang='lat' dir='ltr'>Gedanke</span> <span class='ocrx_word' id='word_1_268' title='bbox 782 2543 957 2587; x_wconf 81' lang='lat' dir='ltr'>untenII,</span> <span class='ocrx_word' id='word_1_269' title='bbox 981 2545 1019 2588; x_wconf 85' lang='lat'>1,</span> <span class='ocrx_word' id='word_1_270' title='bbox 1038 2546 1070 2579; x_wconf 88' lang='lat'>5.</span> <span class='ocrx_word' id='word_1_271' title='bbox 1145 2545 1181 2588; x_wconf 80' lang='lat'>2)</span> <span class='ocrx_word' id='word_1_272' title='bbox 1206 2545 1448 2591; x_wconf 79' lang='lat' dir='ltr'>ZumAnfang</span> <span class='ocrx_word' id='word_1_273' title='bbox 1473 2556 1542 2580; x_wconf 86' lang='lat' dir='ltr'>von</span> <span class='ocrx_word' id='word_1_274' title='bbox 1564 2546 1608 2580; x_wconf 93' lang='lat'>10</span> <span class='ocrx_word' id='word_1_275' title='bbox 1631 2546 1703 2580; x_wconf 93' lang='lat' dir='ltr'>und</span> <span class='ocrx_word' id='word_1_276' title='bbox 1720 2547 1758 2578; x_wconf 93' lang='lat'>11</span> 
     </span>
     <span class='ocr_line' id='line_1_35' title="bbox 208 2596 1762 2646; baseline 0.005 -15"><span class='ocrx_word' id='word_1_277' title='bbox 208 2596 366 2632; x_wconf 74' lang='lat' dir='ltr'>schwebt</span> <span class='ocrx_word' id='word_1_278' title='bbox 387 2598 567 2634; x_wconf 81' lang='lat' dir='ltr'>vielleicht</span> <span class='ocrx_word' id='word_1_279' title='bbox 591 2600 687 2645; x_wconf 84' lang='lat' dir='ltr'>Virg.</span> <span class='ocrx_word' id='word_1_280' title='bbox 713 2603 799 2636; x_wconf 78' lang='lat' dir='ltr'>Aen.</span> <span class='ocrx_word' id='word_1_281' title='bbox 825 2601 866 2646; x_wconf 87' lang='lat'>8,</span> <span class='ocrx_word' id='word_1_282' title='bbox 892 2602 960 2636; x_wconf 80' lang='lat'>327</span> <span class='ocrx_word' id='word_1_283' title='bbox 986 2613 1065 2638; x_wconf 75' lang='lat' dir='ltr'>vor:</span> <span class='ocrx_word' id='word_1_284' title='bbox 1098 2603 1146 2638; x_wconf 72' lang='grc' dir='ltr'>Εἰ</span> <span class='ocrx_word' id='word_1_285' title='bbox 1170 2604 1257 2639; x_wconf 75' lang='lat' dir='ltr'>belli</span> <span class='ocrx_word' id='word_1_286' title='bbox 1285 2605 1409 2639; x_wconf 76' lang='lat' dir='ltr'>rabies</span> <span class='ocrx_word' id='word_1_287' title='bbox 1433 2608 1466 2639; x_wconf 81' lang='lat' dir='ltr'>et</span> <span class='ocrx_word' id='word_1_288' title='bbox 1490 2616 1598 2639; x_wconf 81' lang='lat' dir='ltr'>amor</span> <span class='ocrx_word' id='word_1_289' title='bbox 1622 2615 1762 2639; x_wconf 75' lang='lat' dir='ltr'>succes-</span> 
     </span>
     <span class='ocr_line' id='line_1_36' title="bbox 209 2655 1761 2707; baseline 0.005 -17"><span class='ocrx_word' id='word_1_290' title='bbox 209 2655 262 2690; x_wconf 67' lang='lat' dir='ltr'>sit</span> <span class='ocrx_word' id='word_1_291' title='bbox 284 2656 452 2692; x_wconf 72' lang='lat' dir='ltr'>habendi.</span> <span class='ocrx_word' id='word_1_292' title='bbox 549 2660 586 2703; x_wconf 88' lang='grc'>3)</span> <span class='ocrx_word' id='word_1_293' title='bbox 610 2658 646 2694; x_wconf 88' lang='lat' dir='ltr'>S.</span> <span class='ocrx_word' id='word_1_294' title='bbox 671 2660 761 2695; x_wconf 83' lang='lat' dir='ltr'>Einl.</span> <span class='ocrx_word' id='word_1_295' title='bbox 788 2661 844 2696; x_wconf 80' lang='lat'>77.</span> <span class='ocrx_word' id='word_1_296' title='bbox 905 2661 985 2706; x_wconf 86' lang='lat' dir='ltr'>Vgl.</span> <span class='ocrx_word' id='word_1_297' title='bbox 1012 2661 1168 2697; x_wconf 85' lang='lat' dir='ltr'>Orderic.</span> <span class='ocrx_word' id='word_1_298' title='bbox 1195 2663 1319 2707; x_wconf 66' lang='lat' dir='ltr'>vital,</span> <span class='ocrx_word' id='word_1_299' title='bbox 1350 2664 1441 2699; x_wconf 83' lang='lat' dir='ltr'>Hist.</span> <span class='ocrx_word' id='word_1_300' title='bbox 1468 2663 1552 2699; x_wconf 85' lang='lat' dir='ltr'>eccl.</span> <span class='ocrx_word' id='word_1_301' title='bbox 1578 2664 1667 2698; x_wconf 83' lang='lat' dir='ltr'><strong>VIII</strong></span> <span class='ocrx_word' id='word_1_302' title='bbox 1693 2663 1761 2706; x_wconf 86' lang='lat' dir='ltr'>(ed.</span> 
     </span>
     <span class='ocr_line' id='line_1_37' title="bbox 208 2714 1762 2766; baseline 0.004 -16"><span class='ocrx_word' id='word_1_303' title='bbox 208 2714 260 2750; x_wconf 80' lang='lat' dir='ltr'>Le</span> <span class='ocrx_word' id='word_1_304' title='bbox 282 2714 441 2751; x_wconf 71' lang='lat' dir='ltr'>Pn‘wost</span> <span class='ocrx_word' id='word_1_305' title='bbox 471 2717 541 2761; x_wconf 83' lang='lat' dir='ltr'>m,</span> <span class='ocrx_word' id='word_1_306' title='bbox 561 2718 662 2762; x_wconf 80' lang='lat'>290);</span> <span class='ocrx_word' id='word_1_307' title='bbox 693 2719 726 2752; x_wconf 86' lang='lat' dir='ltr'><strong>V</strong></span> <span class='ocrx_word' id='word_1_308' title='bbox 757 2720 826 2763; x_wconf 88' lang='lat' dir='ltr'>(ed.</span> <span class='ocrx_word' id='word_1_309' title='bbox 858 2720 904 2755; x_wconf 94' lang='lat' dir='ltr'>ib.</span> <span class='ocrx_word' id='word_1_310' title='bbox 930 2721 985 2766; x_wconf 81' lang='grc' dir='ltr'>Π,</span> <span class='ocrx_word' id='word_1_311' title='bbox 1017 2721 1101 2763; x_wconf 84' lang='grc'>385)</span> <span class='ocrx_word' id='word_1_312' title='bbox 1132 2723 1205 2757; x_wconf 93' lang='lat' dir='ltr'>und</span> <span class='ocrx_word' id='word_1_313' title='bbox 1237 2723 1363 2758; x_wconf 86' lang='lat' dir='ltr'>dessen</span> <span class='ocrx_word' id='word_1_314' title='bbox 1388 2724 1499 2758; x_wconf 86' lang='lat' dir='ltr'>Verse</span> <span class='ocrx_word' id='word_1_315' title='bbox 1531 2723 1586 2757; x_wconf 83' lang='lat' dir='ltr'>bei</span> <span class='ocrx_word' id='word_1_316' title='bbox 1619 2722 1762 2766; x_wconf 85' lang='lat' dir='ltr'>Delisle,</span> 
     </span>
    </p>
   </div>
   <div class='ocr_carea' id='block_1_8' title="bbox 209 2772 1762 2878">
    <p class='ocr_par' dir='ltr' id='par_1_8' title="bbox 209 2772 1762 2878">
     <span class='ocr_line' id='line_1_38' title="bbox 209 2772 1762 2867; baseline 0.005 -59"><span class='ocrx_word' id='word_1_317' title='bbox 209 2772 311 2867; x_wconf 46' lang='lat'>{¹112</span> <span class='ocrx_word' id='word_1_318' title='bbox 329 2774 406 2809; x_wconf 86' lang='lat' dir='ltr'>Soc.</span> <span class='ocrx_word' id='word_1_319' title='bbox 431 2775 514 2810; x_wconf 82' lang='lat' dir='ltr'>hist.</span> <span class='ocrx_word' id='word_1_320' title='bbox 539 2776 720 2823; x_wconf 77' lang='lat' dir='ltr'>FranceI,</span> <span class='ocrx_word' id='word_1_321' title='bbox 746 2790 778 2823; x_wconf 88' lang='lat' dir='ltr'>p.</span> <span class='ocrx_word' id='word_1_322' title='bbox 793 2779 826 2813; x_wconf 89' lang='grc'>2.</span> <span class='ocrx_word' id='word_1_323' title='bbox 874 2781 912 2824; x_wconf 89' lang='grc'>4)</span> <span class='ocrx_word' id='word_1_324' title='bbox 937 2782 1014 2815; x_wconf 84' lang='lat' dir='ltr'>Ans</span> <span class='ocrx_word' id='word_1_325' title='bbox 1038 2781 1173 2816; x_wconf 84' lang='lat' dir='ltr'>Gellius</span> <span class='ocrx_word' id='word_1_326' title='bbox 1199 2782 1255 2825; x_wconf 76' lang='lat'>19,</span> <span class='ocrx_word' id='word_1_327' title='bbox 1271 2784 1310 2817; x_wconf 94' lang='lat' dir='ltr'>ll</span> <span class='ocrx_word' id='word_1_328' title='bbox 1340 2783 1424 2817; x_wconf 84' lang='lat' dir='ltr'>oder</span> <span class='ocrx_word' id='word_1_329' title='bbox 1445 2782 1598 2817; x_wconf 77' lang='lat' dir='ltr'>Maorob.</span> <span class='ocrx_word' id='word_1_330' title='bbox 1625 2782 1762 2817; x_wconf 78' lang='lat' dir='ltr'>Satura.</span> 
     </span>
     <span class='ocr_line' id='line_1_39' title="bbox 253 2834 408 2878; baseline 0.013 -12"><span class='ocrx_word' id='word_1_331' title='bbox 253 2860 263 2877; x_wconf 87' lang='lat'>,</span> <span class='ocrx_word' id='word_1_332' title='bbox 317 2861 327 2878; x_wconf 82' lang='grc'><em>,</em></span> <span class='ocrx_word' id='word_1_333' title='bbox 354 2834 408 2868; x_wconf 83' lang='lat'>17.</span> 
     </span>
    </p>
   </div>
  </div>
 </body>
</html>
