2008 3236
203 363 239 396 fl,
261 363 287 397 7]

175 1150 289 1185 [nazar]

326 207 345 245 1
353 207 407 245 48
715 216 997 260 Quadripartitus
1022 216 1073 251 II:
1109 218 1139 251 1.
1160 216 1334 252 Praefatio
1359 218 1382 253 8
1391 238 1434 242 ——
1445 218 1499 253 13.

321 348 398 402 ris,
430 361 557 403 quem
588 361 675 389 non
708 349 885 390 ambitio
913 349 1109 403 inpotens
1131 353 1173 391 et
1193 363 1426 404 numquam
1449 350 1608 392 stabilis
1629 351 1749 393 favor
1767 351 1887 406 vulgi

320 420 535 474 precipitis
574 424 735 472 movet3
775 433 852 461 rex
891 424 954 461 est
993 421 1067 475 qui
1105 434 1150 462 se
1189 421 1269 462 diri
1314 423 1493 476 pectoris
1529 422 1755 464 fetoribus·
1792 435 1887 464 eva-

322 494 421 532 cuat
452 495 493 532 et
523 492 723 546 prodesse
757 492 938 546 singulis
969 491 1176 547 benigneb
1208 493 1436 534 desiderat:
1471 494 1616 548 quales
1643 495 1803 549 nuper1
1834 494 1885 536 ad

321 563 538 618 fastigium
575 563 703 617 hujus
741 564 939 604 culminis
982 577 1067 604 non
1105 563 1285 605 ambicio
1323 565 1557 619 popularis,
1595 565 1669 607 sed
1706 569 1888 620 spectata

320 634 434 676 inter
471 634 604 676 bonos
642 635 874 676 moderatio
913 636 1108 690 provexit
1139 636 1300 690 (juxtac
1339 635 1453 690 quod
1485 635 1761 678 Gratianum2
1791 635 1887 678 ‘Su-

321 709 455 747 torem
493 710 644 747 natura
679 706 835 748 frustra
866 719 1008 761 regem
1049 707 1212 748 dixeris
1222 706 1256 759 ’).
1321 707 1379 762 [8]
1411 707 1658 749 Necessaria
1689 706 1887 763 quidemd

322 781 384 818 est
414 779 712 833 temperantiae
744 778 928 819 dominis
961 782 1002 819 et
1029 778 1254 833 disciplina
1273 778 1495 832 subiectis,
1527 782 1751 834 postquam
1772 781 1887 822 enim

321 849 373 890 ad
411 850 577 904 singula
610 862 780 904 queque
818 863 949 904 sagax
980 850 1201 891 hominum
1234 851 1470 904 penetravit
1491 851 1672 892 intentio
1694 854 1735 892 et
1754 851 1887 892 nichil

322 920 374 961 ad
406 921 630 975 pecuniam
668 922 810 962 visum
842 924 905 962 est
934 921 1272 975 incommodum,
1310 922 1442 963 crevit
1473 920 1718 976 opulentia‘,
1756 923 1889 964 crevit

322 992 502 1045 invidia,
540 1005 594 1033 ex
631 992 797 1034 invidia
835 993 997 1046 odium,
1035 1006 1090 1034 ex
1129 992 1224 1034 odio
1264 992 1442 1034 bellum:
1482 993 1591 1034 nulli
1622 993 1747 1047 fides,
1778 994 1887 1035 nulli

321 1064 479 1119 profuit
521 1064 762 1106 elemosina.
826 1063 884 1119 [9]
930 1062 974 1105 Si
1019 1078 1102 1118 qua
1146 1067 1284 1106 tamen
1328 1066 1469 1106 native
1506 1065 1709 1106 bonitatis
1751 1066 1888 1106 moni-

321 1138 489 1176 mentag
520 1139 829 1189 remanserant,
861 1148 1066 1177 sancxere
1097 1139 1193 1185 leges
1225 1139 1266 1177 et
1303 1136 1475 1177 vivendi
1507 1137 1623 1190 jura,
1660 1137 1888 1178 constitue-

322 1210 424 1248 runt
456 1207 610 1249 urbes3
641 1211 683 1248 et
710 1207 795 1248 fida
826 1207 1090 1262 receptacula
1099 1208 1127 1261 4,
1161 1220 1244 1261 quo
1276 1211 1375 1247 tuw
1410 1207 1531 1249 fieret
1571 1212 1664 1248 inter
1712 1212 1888 1258 improbos

322 1283 529 1329 innocentia,
552 1283 609 1333 et,
643 1292 750 1334 quos
776 1279 866 1334 ipsa
888 1278 1111 1334 probitatis
1133 1279 1394 1320 hortamenta
1415 1293 1501 1321 non
1523 1281 1720 1334 excitant,
1740 1280 1886 1322 saltem

323 1349 648 1392 convertantur¹¹
687 1351 738 1392 ad
777 1366 873 1400 pene
899 1355 1154 1390 formidinem.
1213 1350 1300 1406 [10]
1341 1350 1447 1392 iLex
1478 1351 1559 1394 alia
1588 1355 1774 1401 naturalis,
1806 1364 1888 1406 que

322 1422 434 1477 apud
467 1438 588 1462 omnes
621 1423 769 1464 eadem
807 1426 886 1475 est,
924 1423 1006 1463 alia
1044 1420 1395 1476 constitutionisk,
1432 1424 1476 1464 in
1515 1436 1598 1478 qua
1614 1423 1755 1483 ‘habet
1785 1436 1888 1464 una-

323 1487 500 1549 queque=
522 1495 657 1549 patria
689 1507 816 1536 suum
849 1494 1010 1549 aliquid
1040 1492 1275 1549 proprium¹
1312 1494 1569 1549 vivendique
1599 1494 1887 1536 vernaculum.

323 1565 412 1621 [ll]
446 1565 527 1607 Sed
559 1566 695 1621 legem
734 1566 886 1621 placite
925 1566 1104 1607 dicimus
1137 1565 1342 1620 quicquid
1379 1566 1522 1620 potius
1559 1566 1747 1621 eligitur,
1786 1566 1888 1608 dum

320 1636 503 1682 religioni⁶
528 1638 735 1681 consonet,
769 1636 952 1681 discipline
978 1636 1179 1681 conveniat,
1211 1635 1317 1670 saluti
1342 1636 1508 1681 proficiat.

444 1709 532 1765 [12]
571 1709 666 1751 Hoc
703 1711 815 1751 enim
853 1714 916 1751 est
953 1709 1219 1751 emendatio⁷
1251 1708 1456 1750 Willelmi
1489 1710 1600 1764 regis
1637 1709 1682 1750 in
1719 1708 1887 1764 legibus

322 1781 538 1836 Anglicis,
571 1781 775 1836 quicquid
807 1782 1030 1823 honestum
1063 1785 1104 1822 et
1137 1780 1238 1822 utile
1269 1781 1601 1836 circumquaque
1630 1780 1888 1835 probaveris,

323 1853 438 1908 quod
482 1853 752 1895 beatissimus
789 1855 894 1895 rex8
931 1857 972 1895 et
1010 1853 1210 1895 dominus
1247 1855 1391 1894 noster
1428 1852 1651 1894 cotidianis
1688 1851 1888 1894 laudibus

322 1925 535 1966 illustrare
572 1938 659 1966 non
698 1926 860 1967 desinit.
925 1925 1014 1980 [13]
1047 1924 1174 1966 Unde
1206 1924 1390 1965 librum⁹
1420 1925 1567 1977 istum,
1599 1936 1725 1979 quem
1755 1924 1889 1965 nostri

323 1998 522 2052 temporis
554 2001 803 2052 argumento
836 1997 1055 2050 constitui,
1077 1997 1175 2042 ‚solo
1207 1996 1432 2051 principio,
1463 2008 1550 2037 non
1579 1994 1665 2037 fine
1696 1995 1888 2049 conveni,

442 2176 476 2215 3)
503 2175 622 2210 fetoris
651 2175 684 2209 T.
752 2175 787 2214 b)
813 2174 1021 2210 sollerter
1047 2174 1255 2218 invigilat
1279 2177 1368 2208 statt
1393 2173 1425 2208 b.
1447 2174 1479 2208 d.
1511 2171 1641 2208 Cs.Ht.
1705 2173 1738 2217 c)
1760 2172 1886 2217 juxta-

323 2235 455 2270 dixeris
480 2235 570 2279 fehlt
601 2235 656 2270 Os.
672 2234 732 2269 Ht.
819 2235 856 2278 d)
883 2234 1100 2279 siquidem
1131 2233 1263 2268 Cs.Ht.
1337 2234 1370 2278 e)
1396 2232 1679 2267 mansuetudo
1704 2231 1888 2277 prelatis

322 2298 411 2329 stati
436 2297 459 2329 t.
487 2295 518 2329 d.
552 2295 607 2329 Cs.
624 2294 683 2329 Ht.
794 2295 821 2339 f)
847 2293 940 2339 epul.
963 2294 997 2328 T.
1096 2294 1131 2339 g)
1156 2305 1183 2327 r.
1210 2304 1256 2327 m.
1283 2293 1338 2328 Os.
1353 2292 1414 2327 Ht.
1511 2291 1549 2336 h)
1574 2291 1889 2336 conquiescant

328 2354 383 2389 Os.
399 2354 459 2388 Ht.
533 2354 559 2398 i)
586 2354 659 2388 Am
671 2354 810 2397 Raude,
838 2354 893 2388 im
912 2353 1015 2388 XVI.
1034 2353 1163 2388 Jahrb..
1181 2353 1342 2397 yesehr.:
1363 2351 1566 2396 Descripcio
1590 2350 1678 2396 legis
1703 2352 1740 2386 et
1763 2350 1887 2386 divisio

322 2413 482 2458 ejusdem
506 2414 536 2447 T.
636 2413 672 2453 k)
698 2413 1036 2448 consuetudinis
1067 2412 1199 2448 Os.Ht.
1321 2411 1348 2455 1)
1373 2411 1476 2445 endet
1505 2410 1560 2445 Os.
1577 2410 1636 2444 Ht.

469 2522 502 2563 1)
540 2520 727 2555 H'ofisches
766 2520 1003 2565 Compliment
1046 2520 1107 2554 auf
1140 2518 1330 2553 Heinrichs
1361 2518 1388 2552 I.
1420 2517 1747 2562 Thronbesteigung
1784 2517 1885 2553 1100.

324 2580 359 2623 2)
385 2580 455 2616 Sat.
471 2581 504 2626 I,
520 2581 557 2624 3,
575 2581 652 2615 125.
739 2580 775 2623 3)
803 2580 893 2614 Vers
915 2580 992 2615 105.
1085 2579 1121 2623 4)
1147 2578 1255 2613 Woffl
1280 2578 1524 2612 Reminiscenz
1550 2588 1594 2612 an
1619 2577 1745 2612 Isidori
1768 2577 1886 2621 Etym.

322 2640 412 2686 XV⁷
439 2640 477 2684 2,
504 2642 536 2675 5.
648 2640 683 2685 5)
715 2639 840 2674 Isidori
871 2639 1069 2684 Etymolog.
1102 2639 1156 2681 H,
1184 2638 1244 2682 10,
1271 2639 1292 2673 5
1325 2638 1409 2672 oder
1439 2637 1483 2682 V,
1505 2637 1566 2681 20,
1595 2638 1625 2671 1.
1735 2637 1772 2681 6)
1802 2636 1885 2676 Isid.

323 2699 520 2744 Etymolog.
546 2699 599 2743 ΙΙ,
629 2700 689 2743 10,
711 2700 732 2734 3
757 2699 841 2734 oder
860 2699 903 2744 V,
924 2700 962 2742 3,
983 2699 1014 2732 4.
1102 2698 1137 2742 7)
1169 2697 1250 2742 Vgl.
1277 2696 1310 2732 S.
1334 2697 1418 2741 146,
1446 2697 1548 2730 Α11111.
1564 2697 1596 2732 5.
1681 2696 1719 2741 8)
1744 2695 1827 2730 Wie
1851 2695 1886 2730 in

323 2762 404 2804 Arg.
425 2759 480 2793 27.
507 2760 554 2794 ist
577 2759 746 2793 Heinrich
764 2759 792 2793 Ι.
820 2758 975 2804 gemeint
1000 2757 1122 2802 [sehon
1148 2758 1215 2791 seit
1240 2755 1395 2800 Stephan
1422 2756 1532 2801 bezog
1556 2767 1638 2791 man
1663 2756 1725 2790 das
1737 2754 1887 2790 Rechts-

323 2818 414 2853 ideal
445 2818 615 2853 zuniichst
652 2818 714 2852 auf
742 2818 909 2852 Heinrich
930 2817 976 2861 I.,
1009 2817 1101 2851 dann
1133 2816 1196 2851 auf
1217 2815 1414 2860 EadwardJ.
1513 2816 1549 2857 9)
1574 2815 1616 2849 D.
1644 2815 1678 2849 h.
1705 2813 1806 2849 Buch
1833 2813 1886 2858 H;

324 2889 351 2913 s.
379 2889 409 2913 0.
437 2880 519 2924 Arg.
548 2878 610 2921 303
644 2878 699 2912 32.
