2008 3236
294 193 424 238 der.
448 193 503 229 II:
535 193 591 228 12.
617 191 775 228 Gerhmi
798 203 834 227 v.
858 191 956 227 York
979 202 1025 226 an
1050 190 1196 226 Anselm
1220 202 1254 226 v.
1281 190 1379 226 Cant.
1404 190 1504 226 Ende
1528 191 1631 227 1105.
1690 183 1772 222 157

129 335 188 373 βο]
214 328 290 370 ned
316 331 524 368 temerator
551 330 593 367 et
621 327 808 378 profanus
837 326 1036 366 existeret.
1084 325 1225 365 Nescis
1253 325 1350 376 quid
1381 325 1522 376 possis,
1552 325 1645 376 quia
1675 325 1776 364 scire

125 754 194 817 1²¹1,
239 771 242 775 ’

216 410 299 441 m
327 399 408 447 vis:
438 399 509 438 sed
537 410 660 437 unum
692 398 813 447 scias,
850 397 943 449 quia
972 397 1185 453 commissa
1212 395 1286 436 tibi
1317 395 1482 435 ecclesia
1511 408 1590 435 non
1620 400 1774 435 tantum

214 470 438 519 ffibntnrin,
479 469 550 510 sed
590 470 782 509 tributum
823 469 927 508 facta
967 471 1030 507 est
1070 467 1194 507 fisci.¹
1259 467 1325 507 Me
1359 467 1480 506 habes
1516 479 1643 518 usque
1678 468 1775 506 adeo

215 541 479 590 obedientem,
515 545 562 580 ut
596 541 639 579 in
676 541 742 580 die
770 539 905 579 iudicii
935 551 1014 579 non
1043 539 1203 578 debeam
1235 551 1260 577 a
1288 542 1330 578 te
1358 538 1622 578 inobedientie
1652 538 1775 588 argui.

216 611 296 654 Ora
334 624 407 664 pro
447 614 528 652 me!
603 612 669 652 Sic
709 611 781 651 tibi
821 611 921 650 assit
961 611 1073 649 favor
1114 609 1257 649 Divine
1297 609 1439 660 gratie,
1481 622 1533 649 ne
1574 610 1642 660 qui
1685 613 1776 649 ante

214 673 511 736 temptationem
530 695 673 734 magna
689 682 892 734 promitto,
922 693 1054 732 negem
1081 682 1125 720 in
1141 681 1399 732 temptatione
1415 681 1601 721 advoeem
1620 681 1774 720 ancille.

338 755 609 795 ²Venerabilis
638 754 762 806 patris
791 753 914 793 nostri
943 752 1139 802 litterasss,
1170 756 1283 804 pater
1306 751 1574 801 dilectissime,
1605 752 1775 803 suscepi,

212 826 267 866 ,de
301 838 470 878 quarum
504 825 777 866 benedictione
811 825 979 876 inpense
1014 824 1150 875 gavisa
1186 827 1248 863 est
1276 824 1410 862 anima
1438 835 1535 863 mea.
1602 823 1655 862 Et
1682 823 1776 862 licet

215 897 332 939 aliter
359 909 478 950 qnam
508 897 721 937 meruerim
749 909 814 936 me
842 895 1060 946 tetigerint,
1090 895 1294 946 castigatio
1323 898 1455 934 tamen
1475 907 1611 934 earum
1632 895 1775 945 super⁴

216 968 297 1011 mel
325 972 369 1009 ot
394 969 531 1009 savum
560 968 690 1008 dulcis
719 972 783 1007 eet
810 968 920 1007 mihi.
982 967 1111 1018 Super
1139 978 1259 1006 causa
1287 971 1373 1016 tua,
1410 967 1532 1006 immo
1561 970 1603 1006 et
1631 969 1798 1016 nostra„

216 1051 286 1082 me
327 1040 558 1091 admonent3
611 1039 867 1079 admonitioni
909 1038 1168 1089 congratulor.
1247 1037 1523 1078 obedientiam
1565 1038 1775 1077 admodum

216 1110 445 1153 malem-5
473 1111 703 1162 injungunt3
734 1110 803 1150 sed
834 1114 874 1150 et
902 1110 976 1149 hec
1000 1109 1188 1161 inplenda
1207 1113 1270 1149 est
1289 1122 1361 1161 pro
1379 1121 1498 1160 posse
1516 1121 1614 1149 meo.
1666 1108 1776 1148 Τυιιε

216 1192 324 1233 mm,
365 1183 460 1235 qnia
499 1186 545 1222 tu
575 1182 650 1222 Dei
690 1194 746 1222 es.
812 1181 1084 1232 Transcriptas
1121 1181 1234 1220 vobis
1269 1181 1422 1220 litteras
1457 1180 1587 1230 mitto,
1623 1183 1670 1219 ut
1705 1192 1777 1231 per

216 1253 401 1294 nuntium
441 1258 616 1294 vestrum
659 1253 892 1301 mandastis,
941 1256 1075 1292 sancte
1116 1252 1207 1292 fidei
1249 1255 1378 1292 vestre
1422 1251 1612 1303 quicquid
1654 1251 1776 1291 vultis

217 1324 418 1366 medens!

341 1390 505 1444 „⁸Patri
535 1390 660 1439 filius,
691 1390 880 1429 Anselmo
909 1388 1124 1439 venerabili
1153 1389 1447 1440 archiepiscopo
1468 1387 1517 1428 G.
1539 1388 1708 1428 salutem
1737 1391 1777 1427 et

219 1462 494 1502 obedientiam!
627 1461 703 1501 Ubi
732 1461 904 1512 primum
934 1473 958 1500 a
987 1461 1160 1501 vanitate
1200 1460 1270 1500 ina
1300 1460 1477 1499 animum
1506 1459 1703 1503 revocavi.
1734 1460 1775 1498 in

218 1545 299 1586 qm
331 1536 465 1573 ouant
498 1533 688 1572 adversus
729 1532 1003 1584 paternitatem
1038 1536 1147 1571 tuam
1182 1535 1312 1572 erecta
1347 1532 1501 1571 cervice
1535 1531 1610 1570 filii
1645 1531 1776 1579 alieni,

218 1604 394 1645 veniatis
422 1604 492 1644 ille
521 1604 724 1655 splendor,
754 1615 871 1655 quem
901 1604 1013 1654 prius
1043 1603 1155 1643 velut
1184 1603 1287 1643 inter
1315 1603 1452 1642 nubila
1477 1602 1775 1643 subrutilantem

218 1676 399 1725 videbam
442 1675 821 1726 sedrdiffugientem
859 1687 938 1715 non
969 1675 1166 1724 tenebam,
1202 1675 1348 1714 mirum
1384 1675 1427 1713 in
1457 1674 1617 1713 modum
1647 1674 1777 1713 anime

219 1758 307 1788 mee
341 1747 594 1787 manifestum
630 1759 674 1786 se
709 1747 864 1786 infudit.
932 1746 1042 1786 Tunc
1078 1747 1238 1786 demum
1274 1746 1449 1798 pericula
1484 1745 1624 1797 partis,
1661 1746 1776 1786 cuius

218 1818 373 1870 corpori
407 1819 660 1868 adherebam,
696 1818 838 1857 intueri
877 1818 1074 1857 attencius
1109 1818 1214 1869 cepi;
1256 1817 1416 1869 vidique
1452 1821 1493 1857 et
1527 1817 1660 1866 video,
1702 1829 1777 1857 nec

214 1889 306 1933 ‘falli
335 1890 471 1938 timeo,
502 1889 595 1941 quia
623 1901 702 1929 non
732 1889 849 1940 longe
878 1890 926 1929 ab
956 1889 1085 1929 heresi
1115 1889 1263 1928 recedit
1288 1889 1527 1940 quicumque
1552 1889 1596 1928 in
1616 1889 1681 1928 his
1700 1901 1776 1940 que

219 1961 385 2002 ecclesie
421 1964 514 2001 sunt
548 1961 730 2001 dissentit
765 1964 804 2000 et
838 1960 1037 2000 adversari
1073 1960 1214 1999 nititur
1242 1960 1491 2011 generalibus
1521 1960 1697 2000 conciliis
1727 1960 1777 1998 de

218 2025 348 2085 ipsius
377 2032 460 2072 rei⁷
490 2032 754 2083 prohibitione
782 2031 898 2071 factis
917 2032 1082 2083 ejusque
1103 2032 1315 2081 sententie,
1346 2032 1482 2071 cuius·
1511 2044 1589 2070 vox
1619 2035 1660 2071 et
1689 2043 1775 2082 per-

221 2115 318 2144 sona
356 2104 621 2155 apostolorum
662 2103 879 2154 principem
916 2103 1077 2143 Pet-mm
1118 2103 1265 2142 mundo
1306 2107 1565 2154 representat3
1609 2103 1644 2143 si
1686 2102 1776 2153 quis

220 2186 315 2214 vero
343 2178 479 2214 eontra
507 2175 686 2225 ejusdem
715 2174 958 2214 auctoritatis
987 2175 1216 2225 gravitatem
1250 2174 1422 2225 Spiritus
1455 2175 1579 2213 sancti
1610 2174 1775 2224 gratiam

338 2285 375 2330 a)
398 2286 454 2320 cui
484 2285 516 2320 T.

342 2356 377 2400 1)
406 2356 603 2391 Besonders
636 2356 765 2401 1104]5
802 2358 976 2400 erprecste
1006 2355 1170 2390 Heinrich
1202 2355 1230 2390 Ι.
1263 2354 1351 2390 Geld
1383 2366 1446 2389 zur
1475 2354 1679 2398 Eroberung
1715 2354 1777 2388 der

221 2413 451 2459 Hermandie3
482 2415 552 2462 vgl.
578 2415 739 2459 Eadmer,
764 2414 854 2449 Nov.
879 2415 942 2449 IV.
1032 2415 1069 2458 2)
1097 2413 1203 2449 Wohl
1227 2414 1463 2449 Nachschrift.
1550 2414 1586 2457 3)
1612 2413 1778 2448 Offenbar

221 2473 314 2510 Jaffe
335 2485 388 2510 nr.
407 2475 516 2519 6029,
548 2475 685 2510 worauf
706 2474 863 2509 Gerhard
893 2474 982 2509 oben
1006 2474 1057 2518 H,
1083 2474 1106 2509 9
1130 2475 1344 2509 antwortete.
1418 2474 1454 2517 4)
1485 2473 1604 2508 Psalm
1633 2472 1692 2516 18,
1722 2473 1774 2506 11.

222 2533 262 2574 5)
283 2533 357 2570 Der
379 2534 488 2579 Papst
511 2535 679 2577 forderte,
706 2534 864 2569 Gerbard
888 2533 974 2568 solle
999 2544 1110 2579 gegen
1142 2534 1204 2569 des
1229 2533 1362 2579 Konigs
1386 2532 1500 2567 Rathe
1525 2533 1589 2566 mit
1614 2531 1776 2566 Verkiin-

223 2593 320 2639 dung
336 2593 400 2629 des
411 2593 550 2641 Bannes
567 2594 640 2628 und
651 2593 986 2629 Verkehrsabbruch
1010 2593 1194 2638 vor-gehen.
1267 2593 1304 2637 6)
1330 2595 1372 2628 A.
1388 2593 1490 2636 1105,
1516 2593 1606 2637 Aug.
1623 2611 1663 2616 —
1680 2591 1774 2634 Dec,

223 2652 510 2688 wahrscheinlich
534 2655 682 2698 August.
731 2653 930 2697 Schmitz,
957 2653 1115 2688 Gerhard
1138 2663 1207 2687 von
1233 2652 1328 2687 York
1353 2652 1485 2696 (Progr.
1506 2650 1666 2686 Realsch.
1694 2649 1776 2684 Cre-

160 2716 167 2722 ·
224 2710 296 2747 feld
323 2711 429 2756 1884)
453 2723 486 2756 p.
511 2712 535 2747 8
559 2712 684 2755 meint,
715 2714 788 2746 erst
810 2712 907 2747 Marz
934 2712 1026 2747 1106
1056 2711 1224 2746 schliaese
1255 2711 1328 2746 sich
1356 2711 1513 2745 Gerhard
1539 2709 1685 2744 Anselm
1715 2719 1776 2750 an3

224 2770 553 2806 wahmchemlicher
587 2771 676 2805 doch
712 2772 820 2806 sofort
855 2771 908 2805 als
945 2771 1001 2806 die
1030 2771 1148 2806 Krone
1185 2771 1248 2804 mit
1285 2771 1416 2805 diesem
1448 2769 1476 2804 F
1477 2770 1596 2804 rieden
1627 2768 1775 2802 machte.

226 2830 262 2870 7)
285 2829 487 2864 Investitur.
