2008 3236
325 195 406 232 156
466 202 595 245 Quadr.
618 202 670 237 11:
707 203 760 237 10.
788 203 946 236 (ierhard
974 214 1007 236 v.
1029 202 1125 237 York
1150 214 1194 237 an
1219 202 1363 237 Anselm
1391 215 1423 237 v.
1451 203 1668 248 Canterbury
1695 204 1795 239 1105.

234 345 288 379 [10]
321 335 537 387 plurimum
574 337 713 375 afferre
753 339 925 386 possent.
986 336 1156 375 Litteras
1193 336 1308 375 tuasl
1344 340 1390 375 ut
1419 338 1595 376 umbram
1627 341 1805 386 estuans,
1842 341 1887 376 ut

321 408 471 446 fontem
508 408 645 447 sitiens
684 408 858 458 suscepi,
897 408 1001 447 letus
1039 408 1131 459 quia
1161 408 1373 458 scripsisti,
1410 412 1561 447 mestus
1598 409 1691 459 quia
1721 412 1760 448 te
1791 409 1887 448 scri-

322 480 412 518 bere
450 479 630 529 oportuit.
692 479 744 518 Et
774 480 925 518 utinam
962 479 1016 518 ibi
1047 492 1192 528 essem,
1231 479 1293 518 vel
1330 479 1384 517 ibi
1415 492 1539 529 esses,
1577 480 1661 529 ubi,
1698 481 1887 519 cessanti-

323 551 396 589 bus
425 550 586 599 ]itteris,
618 551 704 589 voci
736 550 824 589 vive
857 564 933 589 vox
964 551 1053 589 viva
1083 551 1354 601 responderet!
1418 551 1546 590 Scires
1577 552 1763 602 profecto,
1793 552 1888 603 quia

322 622 458 672 post·2
490 626 528 661 te
559 622 715 660 adhesit
745 622 877 660 anima
908 635 1010 670 mea,
1034 616 1184 671 scires,
1203 622 1295 672 quia
1316 635 1382 661 cor
1402 635 1534 661 meum
1564 635 1655 662 vere
1675 627 1716 662 et
1737 623 1888 662 sincere

321 696 361 732 te
393 693 541 743 diligit,
572 693 742 731 multum
774 706 844 743 pro
875 693 954 732 tuis
986 706 1078 743 erga
1109 706 1171 732 me
1203 693 1418 742 beneficiis,
1456 693 1689 744 plurimum,
1726 694 1818 745 quia
1847 697 1887 733 te

281 787 287 792 -
322 764 415 803 novi
445 764 712 803 habitaculum
743 776 831 803 esse
863 764 1034 815 Spiritus
1066 765 1202 803 sancti.
1264 764 1414 803 Exulas
1441 777 1513 815 pro
1542 764 1728 804 fidelitate
1749 765 1886 805 matris

322 836 505 885 ecclesie,
543 837 683 875 exulas
714 836 755 874 in
786 839 906 884 terra,
944 835 1042 874 civis
1074 847 1245 886 superne
1274 835 1508 884 Ierusalem,
1545 836 1685 875 exulas
1716 848 1887 887 corpore,

322 908 458 946 exulat
477 908 633 947 animus
655 920 766 946 meus
788 911 936 956 tecum,
967 911 1127 957 paratus
1149 912 1189 946 et
1216 919 1463 957 corporeum,
1495 907 1529 946 si
1546 907 1726 957 jusseris,
1758 907 1888 947 subire

322 979 497 1018 exilium.
559 980 716 1018 Aureo3
746 979 945 1018 Babilonis
977 979 1098 1017 calice
1128 978 1312 1017 inebriari
1332 979 1592 1026 contemsisti,
1625 979 1693 1030 qm·
1714 979 1889 1029 preclaro

322 1050 443 1090 calice
475 1051 623 1090 Christi
653 1050 894 1089 inebriatus4
925 1062 979 1089 es.
1043 1050 1211 1100 Caritas,
1249 1063 1326 1101 que
1357 1051 1486 1090 Deum
1516 1051 1565 1089 ad
1595 1054 1737 1099 terras,
1774 1054 1819 1089 ut
1849 1054 1888 1089 te

322 1122 547 1171 redimeret,
579 1122 776 1172 deposuit,
808 1122 919 1172 Ipsa,
951 1125 995 1160 ut
1026 1122 1175 1160 servias
1207 1122 1306 1170 Deo,
1338 1134 1360 1160 a
1391 1121 1540 1160 divitiis
1572 1121 1692 1171 hujus
1724 1120 1888 1160 mundi⁵

323 1197 362 1232 te
393 1194 442 1232 ad
473 1197 629 1244 tempus
661 1194 837 1232 removit.
888 1193 1002 1232 Nosti
1027 1206 1097 1243 pro
1120 1193 1291 1242 Christo,
1323 1193 1426 1232 nosti
1447 1205 1518 1243 pro
1538 1193 1685 1244 pietate
1705 1194 1887 1244 tolerare3

324 1265 474 1304 utinam
518 1277 570 1304 ex
611 1278 713 1315 equo
757 1265 880 1303 velles
923 1268 963 1303 et
1005 1266 1171 1303 certare!
1245 1265 1381 1304 Nichil
1423 1265 1549 1314 magis
1591 1264 1741 1303 ratione
1783 1268 1890 1303 caret

323 1350 442 1388 quam
480 1336 698 1387 pacientiaG
736 1340 777 1375 et
812 1337 985 1386 benigna.
1016 1336 1318 1375 mansuetudine
1350 1348 1418 1374 eos
1448 1335 1552 1374 velle
1582 1335 1756 1385 vincere,
1794 1348 1889 1386 quo-

322 1421 411 1447 rum
442 1408 546 1447 vires
577 1408 770 1459 pacientia
801 1412 1000 1456 crescunt,
1040 1407 1343 1446 mansuetudine
1376 1410 1675 1458 exasperantur,
1712 1406 1890 1460 benigni-

323 1483 404 1519 tate
434 1483 641 1519 acuuntur.
692 1479 881 1519 Infudisti
894 1479 907 1504 ⁷
938 1479 1168 1518 vulneribus
1199 1479 1346 1518 nostris
1376 1479 1517 1527 oleum,
1549 1482 1589 1517 et
1609 1478 1710 1517 fetor
1730 1478 1888 1529 crescit3

322 1551 487 1590 infunde
523 1551 675 1600 vinum,
713 1563 879 1600 memor,
918 1551 1023 1601 quod
1059 1551 1113 1589 ita
1145 1550 1411 1589 Samaritanus
1448 1550 1640 1600 precepit!
1702 1550 1891 1588 Fomenta.

322 1623 552 1671 adhibuisti,
585 1626 625 1662 et
655 1626 926 1673 putrescentes
952 1623 1127 1673 undique
1151 1622 1357 1661 luxuriant
1377 1634 1532 1661 carnes:
1564 1617 1706 1660 adibeb
1727 1621 1888 1671 ferrum,

324 1695 358 1734 si
395 1694 541 1734 mederi
572 1695 703 1745 cupis,
741 1694 883 1733 adhibe
919 1695 1070 1744 ignem,
1109 1694 1141 1733 si
1179 1706 1245 1732 cor
1282 1697 1397 1732 tuum
1433 1693 1566 1732 ardeat
1595 1692 1687 1743 igne
1719 1692 1890 1744 Spiritus

325 1767 468 1806 sancti!
532 1766 735 1817 Torporis⁰
772 1770 812 1805 et
843 1766 1093 1816 neglegentie
1122 1769 1161 1804 te
1192 1768 1381 1815 arguunt,
1413 1777 1513 1816 quos
1549 1767 1595 1803 tu
1626 1763 1890 1803 inobedientie

323 1838 475 1888 arguis3
513 1838 631 1877 habet
663 1837 845 1876 Christus
881 1837 923 1875 in
961 1837 1129 1877 ecclesia
1167 1850 1285 1888 quam
1315 1836 1387 1875 tibi
1424 1835 1622 1875 commisit
1659 1835 1889 1886 columpnas

323 1910 440 1949 feno8
471 1914 511 1949 et
541 1909 704 1960 stipula,
736 1909 832 1948 dum
862 1909 993 1959 tepide
1024 1910 1125 1959 agis,
1158 1911 1372 1959 coopertas,
1405 1908 1485 1957 sed,
1516 1907 1586 1946 ubi
1615 1907 1665 1946 ad
1691 1919 1775 1946 rem
1795 1917 1889 1945 ven—

324 1985 409 2020 tum
440 1982 578 2031 fuerit,
609 1981 651 2019 in
679 1981 742 2020 his
769 1993 846 2032 que
869 1981 1018 2020 Christi
1039 1984 1133 2019 sunt
1168 1980 1241 2019 tibi
1262 1979 1494 2028 obediendo,
1526 1978 1730 2018 ecclesiam
1757 1981 1891 2028 aperte

325 2056 625 2092 sustentaturas.
687 2053 885 2092 Dominici
923 2052 1097 2103 corporis
1129 2056 1168 2091 et
1199 2051 1405 2102 sanguinis
1436 2049 1690 2090 consecrandi
1720 2052 1890 2100 potesta-

323 2128 405 2164 tem
444 2125 511 2175 qui
547 2128 588 2163 te
625 2125 831 2164 ordinante
870 2124 1043 2174 suscepit
1052 2124 1079 2173 9,
1116 2124 1335 2162 irreverens
1372 2126 1412 2161 et
1442 2121 1672 2162 temerarius
1702 2124 1824 2170 esset,
1856 2121 1891 2160 si

324 2200 363 2235 te
394 2197 624 2247 prohibente
646 2197 700 2248 (et
730 2196 770 2234 id
801 2209 871 2246 pro
902 2208 1021 2234 causa
1044 2195 1189 2234 Christi
1222 2195 1468 2246 prohibente)
1491 2205 1570 2232 non
1600 2196 1846 2232 consecrator
1855 2191 1891 2217 1⁰

442 2349 476 2393 a)
502 2359 563 2393 pro
594 2349 627 2383 T.
725 2348 760 2393 b)
787 2348 819 2382 d.
848 2347 873 2382 i.
900 2347 1036 2383 adhibe.
1135 2348 1167 2391 c)
1194 2347 1347 2391 corporis
1377 2347 1410 2381 T.

446 2434 480 2477 1)
507 2432 631 2467 Dieser
649 2432 749 2467 Brief
771 2431 938 2466 Anselms
963 2442 1007 2466 an
1021 2430 1190 2475 Gerhard,
1218 2432 1308 2465 etwa
1332 2441 1414 2465 vom
1427 2429 1498 2464 Mai
1514 2428 1622 2473 1105,
1649 2429 1694 2463 ist
1719 2427 1890 2463 verloren.

326 2492 361 2536 2)
386 2491 508 2527 Psalm
533 2492 596 2536 62,
623 2492 655 2527 9.
731 2492 767 2534 3)
793 2491 923 2526 Jerem.
951 2492 1013 2535 51,
1035 2491 1066 2525 7.
1147 2491 1184 2534 4)
1209 2489 1329 2524 Psalm
1355 2489 1418 2534 22,
1445 2490 1476 2524 5.
1551 2488 1587 2532 5)
1613 2487 1699 2522 Also
1725 2487 1892 2523 wahrend

325 2551 471 2587 Anselm
497 2552 579 2586 Dec.
610 2552 700 2587 1103
726 2551 778 2585 bis
803 2550 875 2585 Juli
903 2550 993 2585 1105
1020 2551 1081 2584 der
1099 2549 1339 2594 Temporalien
1364 2547 1557 2583 entkleidet
1582 2558 1662 2581 war.
1730 2547 1767 2591 6)
1793 2539 1891 2581 Alm-

324 2611 395 2646 lich
426 2611 575 2646 stachelt
601 2612 662 2646 der
692 2610 785 2645 hohe
812 2610 934 2644 Clerus
959 2610 1057 2644 Ende
1085 2609 1176 2644 1105
1202 2608 1394 2643 Anselmen
1421 2619 1502 2642 zum
1529 2607 1757 2642 Widerstand
1780 2617 1892 2651 gegen

324 2670 444 2706 fiscale
474 2664 673 2716 Ubergriffe
711 2672 822 2704 unten
854 2670 920 2714 [II,
949 2670 1006 2714 13]
1041 2668 1074 2704 S.
1104 2669 1188 2703 159:
1226 2667 1307 2712 filii
1342 2667 1402 2701 tui
1444 2670 1562 2701 tecum
1593 2665 1890 2711 proeliabwntur.

327 2732 363 2775 7)
394 2730 508 2765 Lucas
540 2730 600 2775 10,
628 2731 683 2765 33.
769 2729 806 2773 8)
838 2729 855 2763 I
881 2728 956 2764 Cor.
984 2729 1022 2773 3,
1051 2728 1105 2762 12.
1191 2728 1230 2772 9)
1254 2727 1411 2762 Gerhard
1448 2726 1558 2761 selbst
1594 2736 1668 2760 war
1699 2725 1790 2761 1096
1821 2735 1892 2759 von

326 2790 471 2825 Anselm
498 2801 579 2824 zum
605 2790 759 2824 Priester
784 2789 855 2823 und
880 2788 1025 2823 Bischof
1048 2799 1115 2822 von
1137 2787 1306 2821 Hereford
1332 2786 1500 2831 geweiht3
1531 2785 1693 2829 Eadmer,
1719 2784 1810 2819 Nov.
1837 2784 1890 2819 ed.

326 2849 417 2885 Rule
441 2861 474 2894 p.
496 2850 551 2884 74.
629 2849 686 2894 10)
713 2849 746 2884 S.
773 2860 803 2884 o.
831 2848 864 2883 S.
888 2848 971 2892 153,
999 2849 1101 2881 Anm.
1124 2848 1156 2881 5.
