2008 3236
608 203 901 249 empnam
950 202 1132 238 neffioefio
1157 202 1319 238 1?—20.
1690 196 1745 234 79

190 339 382 381 mentes
408 339 454 378 et
481 320 658 378 honesta
686 336 898 391 prosapia,
931 335 1060 390 longo
1096 347 1371 376 nummomm
1407 337 1627 376 stemmate
1656 335 1748 389 glo-

88 436 93 461 5
111 397 114 400 ⁴
190 406 606 463 riantur,Epycuri‘,
626 407 702 462 qui
722 406 954 448 multorum
973 406 1194 448 facultates
1213 419 1299 447 una
1319 405 1440 447 lance
1459 404 1748 459 consumunt*‚

191 477 439 532 effeminati,
470 477 628 533 quibus
646 490 814 533 semper
832 477 1033 519 mulieres
1051 477 1216 532 ingrate
1237 480 1356 530 sunt,
1387 478 1462 531 qui
1482 477 1746 519 cucullomm

17 571 20 606 i
145 542 149 544 ⁴
189 549 456 592 deformitate
494 549 825 604 grandescunt1,
868 549 945 603 qui
987 549 1166 590 vetitum
1214 549 1392 603 pecunie
1440 547 1566 590 fenus
1602 561 1748 590 excer-

18 615 20 622 ’
50 609 103 629 ’”’”’
190 623 307 675 cent,
337 621 413 676 qui
442 620 723 663 venundati‘2
757 623 859 662 sunt
887 623 937 662 ut
965 619 1222 662 maleficiant
1250 623 1294 662 et
1323 620 1399 675 qui
1428 619 1613 674 dampna
1642 633 1749 675 pup-

190 691 303 747 plioa
329 691 451 734 malis
470 692 746 748 amplioribus
764 694 1014 747 aggravant,
1044 691 1120 746 qui
1138 691 1323 733 terciane
1340 690 1528 733 remedia
1553 694 1750 746 querunt,

142 771 146 773 ’
190 763 271 818 qui
303 775 545 806 sennarum
580 763 754 819 gremiis
789 777 815 805 a
849 762 1074 805 cunabulis
1109 760 1408 804 adoleverunt‘
1445 765 1487 804 et
1521 762 1747 804 multarum

60 827 73 843 ³
190 833 416 877 libidinum
447 834 644 877 sordibus
667 834 928 890 inplicantur
955 838 998 876 et
1024 833 1182 876 infiniti
1212 834 1497 876 valitudinum
1517 846 1751 876 concursus

191 905 466 948 Ιιιιίιιειιιοείἰ8
499 906 707 948 virtutum
744 907 937 948 omnium
967 905 1207 948 veneranda
1226 905 1423 961 *presidia
1458 905 1589 947 variis
1622 905 1750 947 infor-

192 977 411 1020 tuniorum
440 977 793 1019 concitationibus
824 980 1138 1033 oppressenmt,
1168 977 1454 1019 transierunt⁴
1482 978 1530 1019 in
1554 976 1749 1019 affectum

189 1047 342 1091 cordia
401 1047 492 1104 [17]
523 1048 716 1103 Iusticia‚
745 1048 964 1102 fortitudo,
994 1048 1277 1104 providentia,
1306 1049 1612 1104 temperantia⁵
1641 1061 1751 1090 vana

192 1119 313 1175 vulgi
341 1123 536 1162 cementa
566 1123 676 1162 sunt.
738 1119 828 1175 [18]
859 1119 916 1161 Et
945 1121 985 1174 (ό
1015 1121 1201 1175 quanta⁶
1229 1120 1486 1175 malignatus
1517 1124 1581 1162 est
1610 1120 1751 1161 inimi-

192 1202 270 1232 cus
298 1190 347 1232 in
375 1191 559 1243 sancto!)
589 1191 789 1233 vitiorum
821 1191 1013 1233 omnium
1042 1191 1214 1233 feditate
1246 1191 1472 1245 deformes,
1502 1191 1604 1233 dum
1624 1204 1751 1246 pecu-

191 1261 308 1303 niam
347 1261 548 1315 habeant,
591 1266 919 1318 quantacunque
969 1261 1188 1318 probitatis
1227 1263 1365 1318 gratia
1404 1262 1663 1305 sublimatise
1705 1263 1749 1304 in

191 1331 365 1374 honoris
399 1333 611 1388 peticione
646 1333 795 1388 prelati
831 1335 950 1375 sunt!
1011 1332 1153 1376 Sobrii
1186 1346 1342 1387 mones,
1373 1338 1415 1376 et
1446 1334 1591 1376 divine
1623 1337 1751 1389 atque

192 1403 429 1447 inmortalis
458 1404 699 1459 substancia
730 1405 883 1446 veritas
914 1408 957 1446 et
986 1404 1109 1447 beata
1137 1417 1304 1461 semper
1332 1406 1573 1458 innocentie
1603 1405 1753 1460 palma,

191 1475 365 1528 scientie
406 1475 607 1518 nobilitas
649 1479 691 1517 et
732 1476 971 1531 eloquentie
1013 1476 1212 1532 splendor
1252 1480 1295 1519 et
1341 1476 1563 1519 affluentes
1610 1480 1752 1531 eterne

56 1537 83 1554 ‘¹
193 1545 426 1588 felidtatis‘
455 1550 649 1601 ornatus,
686 1547 839 1603 probra
874 1551 975 1590 sunt
1010 1547 1279 1602 habentibus,
1317 1549 1353 1590 si
1384 1548 1659 1604 dampnatum
1690 1549 1752 1590 eis

187 1619 451 1673 paupertatis
503 1631 613 1663 enus
658 1618 886 1661 incumbat.
965 1619 1055 1675 [19]
1098 1619 1228 1662 Nulla
1276 1620 1419 1676 divine
1467 1621 1752 1662 miserationis

96 1680 99 1681 ’
126 1695 127 1698 ’
193 1700 337 1744 open,
366 1689 487 1731 nulla
515 1690 724 1732 malorum
754 1689 923 1746 flagella
951 1692 1195 1746 respiciunt.
1257 1691 1344 1734 Ubi
1375 1695 1478 1734 sunt
1507 1693 1582 1747 qui
1604 1692 1752 1734 dicun-

81 1807 92 1812 „
194 1762 268 1802 tur
297 1759 352 1802 de
381 1773 580 1816 supremo
610 1761 878 1817 singulorum
910 1763 1030 1804 exitu
1050 1763 1269 1804 iudicare?
1313 1763 1522 1805 Videmus
1543 1764 1751 1806 bonorum

193 1829 325 1872 dume
354 1832 515 1885 exitus,
544 1836 775 1874 nocentum
803 1832 955 1875 felices.
1018 1833 1103 1876 Ubi
1124 1837 1226 1876 sunt
1246 1835 1321 1889 qui
1342 1834 1552 1888 dicebant,
1582 1838 1753 1890 peccata

192 1901 347 1944 mundi
381 1915 458 1958 per
491 1903 583 1945 dios
624 1904 816 1959 singulos
859 1904 964 1946 diis‘
1006 1905 1230 1947 ultricibus
1266 1907 1490 1948 nunciati?
1551 1906 1752 1948 Humano

87 1985 103 1995 ³
194 1981 345 2015 sumus
379 1977 423 2015 et
458 1973 603 2015 divino
650 1975 808 2016 iuditio
857 1976 1162 2031 propemodum
1211 1977 1420 2030 destituti3
1465 1979 1601 2033 pene⁷
1630 1978 1754 2019 effusi

194 2047 296 2085 sunt
329 2057 501 2099 gressus
536 2046 640 2087 mei!
702 2045 793 2101 [20]
830 2047 957 2088 Addo
994 2051 1180 2102 preterea
1216 2049 1450 2104 malignum
1486 2062 1659 2104 prorsus
1689 2050 1753 2090 in-

98 2112 111 2162 'fis
193 2113 310 2168 vidie
338 2114 516 2158 livorem
547 2120 591 2158 et
620 2117 901 2159 detractorum
932 2119 999 2160 vel
1031 2119 1076 2160 id
1096 2132 1233 2175 genus
1253 2119 1443 2162 sordium
1465 2120 1752 2162 detestandam

92 2207 113 2217 2
195 2186 565 2241 consuetudinem,
595 2201 680 2242 quo
711 2201 756 2230 se
786 2187 1075 2231 miseriarum*
1113 2192 1304 2232 omnium
1341 2190 1506 2233 flebiles
1537 2205 1659 2233 casus
1690 2194 1753 2233 in-

91 2260 98 2268 *
195 2255 369 2299 defesis
399 2259 792 2301 continuationibus
822 2261 1075 2303 transferant
1104 2266 1148 2303 et
1176 2263 1314 2304 tocius
1345 2263 1604 2305 infelicitatis
1626 2276 1753 2304 onere

66 2390 67 2397 ἵ
115 2388 129 2395 ⁹
194 2331 432 2384 cunctaque
469 2329 781 2385 dampnationis
812 2332 1178 2374 animadversione
1214 2338 1454 2388 graventur.
1515 2333 1600 2384 Qui
1632 2348 1753 2376 suam

315 2505 351 2548 a)
373 2504 536 2550 Epicurei
560 2507 653 2542 wohl
676 2519 725 2542 zu
751 2508 968 2543 rerbessem.
1053 2510 1090 2553 b)
1115 2513 1365 2546 consummunt
1388 2511 1471 2545 Dm.
1557 2517 1591 2555 c)
1617 2522 1753 2546 venun-

198 2561 296 2597 danti
318 2562 402 2598 Dm.
475 2565 513 2609 d)
537 2566 753 2601 adoleverint
776 2567 860 2602 Dm.
934 2569 968 2613 e)
993 2568 1219 2604 sublimitatis
1246 2570 1327 2604 Dm.
1407 2571 1435 2613 f)
1460 2570 1645 2605 felicitates
1670 2570 1752 2604 Dm.

198 2621 235 2665 g)
258 2620 326 2656 aiis
349 2622 433 2658 Dm.
527 2624 566 2668 h)
590 2626 800 2661 miserarum
825 2627 907 2661 Dm.

319 2717 355 2760 1)
378 2717 458 2762 νει.
483 2718 574 2754 Einl.
597 2720 654 2755 49.
728 2703 764 2766 2)
789 2721 909 2756 niae.
926 2724 963 2765 1,
986 2724 1040 2758 16.
1114 2725 1151 2766 3)
1175 2724 1257 2759 urst
1282 2725 1359 2759 hier
1382 2725 1487 2759 endet
1512 2725 1574 2759 das
1599 2724 1753 2768 Subject„

198 2774 238 2818 4)
261 2774 380 2810 Psalm
406 2776 469 2820 72,
494 2778 527 2811 7.
599 2780 637 2822 5)
661 2779 727 2814 Die
752 2781 829 2814 vier
852 2781 1194 2827 Cardinaltugenden
1220 2784 1340 2818 riihmt
1364 2784 1550 2818 Vei-rasser
1573 2795 1618 2818 an
1643 2784 1753 2818 Hein-

200 2832 277 2868 rich
299 2833 329 2868 Ι.
354 2834 390 2868 H
413 2834 528 2871 Praef.
555 2838 610 2870 14.
682 2839 719 2881 6)
744 2838 861 2873 Psalm
887 2841 951 2885 73,
977 2842 1010 2875 3.
1096 2843 1132 2885 7)
1158 2842 1277 2876 Psalm
1303 2843 1364 2885 72,
1391 2843 1423 2876 ⁶2.
