2008 3236
487 201 630 244 Quadr:
664 199 846 235 Dedicntio
871 200 927 235 38.
977 200 1234 244 Argumentum
1260 199 1374 234 1—3.
1655 191 1710 229 83

155 331 326 378 fidentis
361 322 499 388 elogio
540 332 712 375 reddam
755 329 832 377 tibi
873 331 1040 385 novelle
1082 330 1354 386 plantationis
1395 333 1535 385 nostre
1571 331 1713 372 votiva

155 404 402 460 primordia,
432 402 547 459 quod
577 403 683 445 mihi
712 403 942 458 pretiosius
972 401 1121 455 habui,
1156 401 1322 457 tibique
1352 401 1579 443 iocundius
1615 402 1713 447 esti-

155 474 273 518 mavi
301 487 431 530 super
457 475 637 530 ignava·
667 474 911 517 divitiarum
942 473 1128 528 pondera
1159 486 1241 528 que
1273 472 1428 515 laboris
1458 473 1582 527 plena
1612 476 1714 517 sunt

92 579 94 582 ,
157 548 201 589 et
233 558 400 589 merore
434 544 634 588 finienda.
709 545 799 601 [38]
837 544 970 586 Cuius
1011 548 1054 587 te
1091 544 1418 600 dispensationis
1460 544 1713 586 hortatorem

156 619 346 671 secutus,
373 616 559 659 iudicem
590 629 761 672 quoque
791 616 1019 670 constituo,
1047 616 1215 658 veniam
1244 614 1482 671 postnssans,
1512 627 1566 657 ne
1594 615 1714 670 prius

35 707 65 734 τ
156 688 417 744 hqepaflaris
436 687 612 743 grandia
630 687 913 743 professorum
934 686 1328 729 debachationibus¹
1349 686 1547 742 occupari
1568 684 1715 741 quam¹'

36 765 83 806 -·.,;
155 760 230 814 tuq
264 758 497 802 nobilitatis
534 762 576 801 et
610 762 751 813 nostre
787 758 1022 800 dilectionis
1061 758 1219 800 intuitu
1260 757 1479 813 superflua
1519 761 1715 810 resecese,

34 819 91 885 Q]
156 833 295 873 errata
311 831 507 886 castiges,
534 829 710 885 impleta
728 828 971 883 confirmes,
995 834 1046 871 ut
1063 831 1175 885 pax²
1204 829 1260 871 sit
1280 828 1556 883 diligentibus
1576 828 1712 884 legem

156 904 288 955 tuam,
316 904 360 943 et
387 913 475 943 non
504 901 560 943 sit
589 900 910 943 offendiculum!

564 1018 910 1074 Argumentum
939 1018 1085 1064 huius
1116 1018 1277 1075 operis
1284 1017 1318 1063 ⁶.

39 1142 64 1156 „
281 1101 343 1158 [1]
373 1101 508 1158 Leges
533 1115 639 1158 quas
659 1102 809 1144 dicunt
829 1102 1077 1145 Eadwardi⁶
1107 1103 1244 1158 regis³
1273 1114 1329 1144 ex
1349 1100 1513 1144 Cnudi‘
1532 1103 1714 1158 primum

160 1173 426 1216 institutione
456 1173 650 1215 diductas
670 1186 780 1227 esse,
810 1174 927 1215 sicut
946 1173 999 1216 ab
1020 1174 1207 1229 antiquis
1236 1174 1488 1229 accepimus,
1518 1185 1716 1228 compen-

159 1243 279 1298 diosa
306 1244 485 1300 posteris
515 1244 720 1287 brevitate
740 1246 1075 1287 transcurrimus.
1138 1244 1198 1300 [2]
1230 1243 1430 1286 Cnudus‘
1459 1245 1556 1297 iste,
1587 1243 1716 1297 Dacie

157 1312 311 1357 simul*
340 1318 383 1357 et
413 1314 662 1370 Norwegie⁴
691 1316 904 1371 princeps,
940 1329 1038 1358 cum
1069 1328 1248 1371 regnum
1279 1316 1407 1358 etiam
1437 1315 1591 1371 Anglie
1627 1315 1718 1357 suis

156 1385 356 1429 laudibus
384 1386 608 1428 adiecisset
616 1387 644 1440 ⁵,
674 1399 761 1428 non
793 1399 839 1429 se
859 1385 915 1429 eii
944 1385 1199 1441 tyrannum*
1230 1391 1305 1429 aut
1331 1390 1622 1442 portentorum
1642 1386 1717 1428 ali-

160 1456 266 1513 quid
295 1456 499 1500 exhibere
529 1457 682 1511 voluit,
718 1458 795 1500 sed
823 1457 947 1500 beata
975 1458 1130 1500 mentis
1160 1458 1402 1514 placiditate
1433 1458 1567 1500 diram
1598 1458 1717 1513 cupi-

159 1527 303 1572 ditans
338 1531 382 1570 et
417 1528 623 1571 malorum
660 1528 873 1571 feditatem
910 1529 1167 1584 continentie
1198 1529 1394 1572 salutaris
1430 1530 1568 1585 grafia
1604 1529 1717 1570 miti-

157 1599 294 1655 gavit,
322 1602 440 1641 tanto
470 1599 552 1641 sibi
582 1598 774 1642 subditos
803 1600 994 1656 ampliori
1026 1599 1252 1642 dilectione
1283 1600 1518 1654 celebrans,
1557 1603 1717 1655 quanto

158 1671 259 1712 eos‘
288 1670 336 1712 in
364 1671 499 1726 patrie
530 1666 848 1713 defensionibus
878 1675 1142 1726 presenserat
1171 1672 1366 1714 acriores.
1411 1671 1471 1726 [3]
1493 1670 1718 1713 Communi

86 1730 119 1795 ⁵21„
160 1740 344 1796 denique
382 1742 605 1783 commodo
641 1741 845 1797 providus
881 1746 924 1785 et
959 1742 1108 1796 saluti,
1149 1755 1319 1785 omnem
1355 1742 1584 1797 regnorum
1626 1743 1719 1784 eius

158 1812 410 1868 sapientiam
420 1813 447 1866 ⁷,
482 1813 730 1854 meritorum
767 1814 909 1868 potius
952 1826 1079 1868 quam
1122 1826 1399 1869 personarum
1442 1814 1719 1867 estimatione,

161 1886 319 1939 quanta
338 1884 476 1938 potuit
495 1883 781 1926 sollicitudine
802 1897 1057 1940 congregare
1077 1886 1252 1938 curavit,
1282 1884 1598 1927 memorabilem
1620 1898 1717 1926 cum

162 1953 235 2009 eis
253 1954 464 2008 synodum
477 1956 504 2008 ⁷,
534 1955 580 1996 in
611 1955 754 1996 secula
774 1953 1027 1997 8111313118811111ι
1058 1956 1339 2011 profuturam,
1368 1955 1460 1997 Deo
1481 1959 1599 2011 grata
1619 1967 1719 1996 eon-

162 2023 416 2066 sideratione
454 2025 666 2067 diffiniens
701 2026 957 2080 generaliter
992 2039 1041 2067 ac
1070 2027 1382 2082 principaliter-⁷
1417 2027 1463 2067 in
1494 2027 1719 2079 universis,

168 2099 285 2150 que·
327 2095 380 2137 ad
416 2099 604 2138 sanctam
641 2101 816 2138 matrem
854 2100 1043 2138 nostram
1086 2098 1307 2139 ecclesiam
1328 2139 1337 2142 ,
1355 2098 1568 2152 pertinere
1604 2097 1720 2139 vide-

82 2239 102 2274 3*
278 2225 315 2269 ι)
338 2223 480 2269 ignavia
492 2224 574 2259 Dm.
626 2224 661 2268 b)
686 2236 755 2270 qua
774 2225 857 2260 Dm.
907 2227 941 2269 c)
966 2237 1110 2261 resenes
1136 2226 1218 2261 Dm.
1270 2227 1308 2270 d)
1333 2228 1375 2261 A.
1401 2227 1436 2261 h.
1463 2237 1494 2261 o.
1520 2226 1601 2262 roth
1627 2227 1718 2267 Dm;

147 2281 333 2329 Prologus
356 2283 432 2318 eius
455 2283 628 2328 authoris,
658 2285 718 2329 qui
743 2284 923 2320 transtulit
947 2285 1044 2331 leges
1069 2285 1260 2321 Saxonicas
1284 2286 1408 2321 Latine
1441 2285 1502 2320 HJ.-
1530 2286 1722 2320 modenam·

165 2340 284 2383 stoa,
315 2342 398 2377 hier
421 2342 641 2387 beyinnend5
666 2343 796 2388 Incipit
819 2344 1025 2389 prologus
1056 2345 1235 2390 sequentis
1259 2345 1374 2390 operis
1398 2345 1479 2379 roth
1510 2345 1547 2388 Τ,
1578 2357 1629 2380 zu
1653 2345 1720 2380 Be-

119 2391 129 2397 ⁴
163 2411 262 2446 qum
283 2401 389 2436 einer
400 2401 508 2446 Lnga,
534 2402 715 2436 vielleiclzt
739 2402 836 2437 eiust
861 2403 961 2437 eines
974 2403 1130 2438 Raude-3.
1192 2406 1225 2448 e)
1244 2404 1342 2438 Edw.
1360 2404 1393 2438 T.
1409 2404 1476 2438 Hk.
1538 2405 1566 2448 f)
1592 2404 1721 2439 Cnuthi

59 2475 93 2510 ‚j
164 2460 280 2504 (stete)
294 2459 361 2494 ffle.
420 2462 457 2505 g)
482 2461 644 2496 Cnuthus
659 2461 727 2497 ch.
789 2462 827 2506 h)
852 2462 946 2497 simu
963 2463 1006 2504 72·
1032 2463 1121 2507 fehlt
1135 2463 1204 2498 Hk.
1265 2463 1291 2506 i)
1315 2463 1404 2508 fehlt
1421 2463 1488 2498 Hk.
1549 2464 1587 2508 k)
1612 2464 1668 2498 tir.
1688 2464 1720 2498 Τ.

163 2517 192 2563 1)
217 2528 342 2554 —ssura
365 2518 433 2555 Hc.
505 2521 556 2562 m)
581 2521 642 2565 qui
662 2521 731 2555 Hk.

66 2619 89 2655 ¹3
287 2601 323 2643 1)
346 2601 428 2646 Vgl.
453 2602 522 2637 ΗΠ.
548 2604 587 2647 6,
614 2603 646 2638 2.
732 2604 768 2648 2)
794 2604 913 2639 Psalm
941 2605 1025 2649 118,
1053 2606 1132 2641 165.
1218 2607 1254 2650 3)
1279 2606 1352 2640 Des
1376 2605 1590 2641 Bekenners.
1641 2605 1721 2650 Vgl.

62 2658 89 2706 ’ῗζῐ
165 2659 266 2694 will.
279 2659 411 2703 Halm„
436 2660 521 2706 Reg.
537 2662 583 2706 IL
599 2662 686 2697 183:
712 2663 756 2697 in
781 2675 941 2708 quarum
967 2665 1044 2708 (der
1062 2664 1210 2700 Gesetze
1230 2665 1353 2708 Cnuts)
1379 2665 1584 2699 custodiam
1611 2665 1722 2699 etiam

63 2719 88 2737 ³·
165 2728 267 2752 mmo
297 2718 365 2752 sub
395 2720 544 2754 nomine
574 2721 675 2765 reyis
701 2721 880 2756 Edwardi
909 2723 1079 2765 iuratur,
1111 2735 1185 2758 non
1216 2724 1313 2768 quod
1342 2723 1405 2757 -ille
1435 2724 1623 2766 statuerit,
1661 2724 1725 2758 sed

167 2777 264 2821 quod
285 2777 496 2812 observarit.
568 2780 605 2823 4)
630 2782 707 2815 Ans
731 2781 750 2815 I
774 2781 867 2816 Cnut
890 2781 948 2816 Pr.
1029 2783 1065 2821 5)
1092 2783 1194 2817 1016.
1268 2784 1304 2827 6)
1330 2783 1445 2818 Unter
1467 2783 1651 2818 AEthelred
1675 2783 1721 2817 Π.

168 2836 243 2870 und
266 2835 450 2871 Eadmund
473 2837 521 2871 Π.
593 2839 629 2882 ’7)
654 2840 731 2874 Α118
754 2840 773 2874 I
797 2840 849 2875 011
874 2840 949 2884 Pr.;
977 2842 1013 2884 13
1040 2841 1138 2884 2311
1163 2841 1214 2876 011
1240 2842 1296 2875 Pr.

1454 2903 1508 2942 6*
