2008 3236
770 769 1286 838 quadripartitus.

305 1018 338 1054 [b
358 1015 525 1053 naamam]
558 1007 643 1063 [1⁶]
676 984 758 1049 dIn
781 1009 920 1063 specie
947 1009 1042 1062 ficte
1070 1009 1370 1061 simulationis,
1402 1009 1513 1050 sicut
1539 1008 1700 1063 relique
1728 1010 1810 1050 vir-

246 1086 370 1136 tutes,
385 1095 503 1123 amor
522 1094 614 1123 esse
635 1095 721 1122 non
741 1085 895 1136 potest,
917 1082 1008 1135 qui,
1027 1094 1125 1122 cum
1145 1081 1346 1134 hodierne
1366 1081 1642 1136 malignitatis
1663 1094 1810 1123 exces-

247 1154 365 1196 sibus
387 1154 589 1195 continua
609 1154 965 1207 perstrepentium
993 1153 1212 1194 turbinum
1235 1154 1494 1208 grassatione
1515 1153 1719 1207 pulsetur,
1750 1153 1811 1194 ita

247 1226 379 1267 nullis
417 1225 721 1266 adversitatum
752 1224 985 1266 livoribus¹
1018 1224 1259 1278 obatrescit,
1297 1228 1345 1265 ut
1375 1225 1610 1266 amicorum
1641 1224 1810 1265 casibus

247 1298 373 1339 etiam
405 1295 586 1350 singulis
617 1296 877 1336 informetur.
924 1295 983 1350 [2]
1005 1295 1098 1349 HQc
1127 1296 1219 1350 ipse
1244 1308 1411 1337 mecum
1436 1298 1655 1350 reputans,
1685 1296 1811 1337 unice

247 1369 341 1422 tibi,
374 1368 496 1422 quasi
527 1367 645 1408 cordi
682 1380 796 1421 meo,
827 1367 989 1421 loquor,
1021 1366 1227 1408 absonum
1260 1370 1303 1409 et
1334 1379 1533 1408 enervem
1564 1379 1655 1420 mee
1686 1367 1811 1408 rusti-

246 1440 383 1481 citatis
421 1452 659 1480 sermonem
698 1451 784 1479 non
824 1438 1096 1491 erubescens,
1133 1438 1236 1480 dum
1274 1441 1344 1492 tue
1381 1451 1551 1493 paream
1582 1438 1809 1490 voluntati3

247 1511 317 1552 cui
367 1524 435 1552 me
473 1510 635 1551 diutius
673 1510 908 1551 debitorem
946 1510 1104 1565 ingenii
1150 1510 1235 1551 mei
1273 1509 1525 1563 diffidentia,
1568 1509 1810 1551 sollicitudo

246 1583 441 1638 plurima,
463 1595 539 1623 nec
563 1582 722 1636 ubique
743 1582 998 1636 completiva
1017 1581 1226 1623 desideria
1246 1581 1533 1624 reddiderunt.
1578 1580 1637 1637 [3]
1651 1580 1813 1624 Vereor

248 1659 408 1707 tamen,
446 1667 500 1695 ne
533 1653 637 1694 dum
669 1657 739 1706 tue
771 1654 885 1694 circa
916 1667 993 1694 nos
1024 1653 1340 1706 benevolentise
1366 1653 1575 1708 gratiosus
1613 1666 1706 1695 esse
1740 1653 1812 1695 de-

247 1726 405 1779 sidero,
443 1724 672 1766 ridiculus‘
707 1726 920 1779 inveniar,
958 1729 1006 1767 ut
1043 1729 1160 1766 tuam
1199 1738 1370 1780 quoque
1407 1727 1567 1779 spectet
1596 1724 1810 1766 iniuriam.

249 1797 308 1853 [4]
337 1797 454 1852 Opus
482 1797 609 1850 enim,
643 1797 758 1851 quod
791 1798 877 1839 tuis
909 1797 1277 1839 exhortationibus
1309 1800 1351 1838 et
1381 1795 1621 1838 inconsulta
1652 1796 1811 1849 (fateor)

247 1869 553 1924 pollicitatione
603 1869 789 1923 suscepi,
839 1869 978 1911 maius
1029 1872 1091 1911 est
1141 1872 1183 1911 et
1231 1868 1614 1910 crebrescentiumg
1657 1867 1812 1909 cotidie

247 1941 456 1982 malorum
494 1941 795 1982 innovatione²
832 1941 1051 1995 profusum
1083 1939 1503 1995 exaggerationibus,
1540 1939 1812 1994 permutatio-

248 2012 393 2066 nibus,
435 2013 727 2067 per'mixturis,
770 2025 824 2054 ex
862 2013 1083 2067 oppositis,
1122 2025 1176 2054 ex
1214 2012 1427 2053 adiunctis
1458 2024 1599 2053 rerum
1632 2011 1812 2052 circum-

249 2085 438 2137 stanciis,
482 2084 823 2138 contingentium
868 2084 1044 2125 modis.3
1126 2083 1184 2139 [5]
1224 2083 1321 2139 Ipsa
1358 2084 1515 2138 quippe
1551 2083 1656 2123 vitia
1698 2085 1814 2123 tanta

247 2155 477 2197 virtutibus
515 2155 719 2197 affinitate
758 2156 986 2197 coniuncta
1023 2159 1142 2209 sunt,
1185 2158 1234 2196 ut
1270 2155 1389 2196 tarda
1425 2155 1479 2196 sit
1508 2155 1556 2195 in
1586 2154 1648 2196 eis
1679 2153 1812 2195 disse-

248 2227 389 2281 rendi,
426 2227 646 2268 iudicandi
685 2227 752 2269 vel
785 2227 1043 2269 assentiendi
1074 2230 1185 2268 nota.
1249 2225 1308 2281 [6]
1341 2226 1457 2268 Vitia
1489 2238 1660 2280 quoque
1691 2225 1814 2280 plura

249 2302 349 2340 sunt
370 2298 618 2350 virtutibus,
654 2300 729 2340 uni
763 2299 878 2340 enim
901 2299 1047 2340 virtuti
1081 2299 1165 2340 duo
1198 2299 1302 2339 vitia
1326 2298 1465 2339 solent
1491 2297 1664 2352 opponi:
1698 2296 1813 2351 quod

248 2373 390 2425 aperte
416 2371 580 2412 scilicet
605 2373 669 2412 est
693 2371 963 2424 contrarium,
990 2374 1032 2411 et
1051 2370 1164 2425 quod
1185 2370 1324 2424 specie
1345 2368 1639 2410 similitudinis
1665 2367 1812 2409 obum-

390 2524 424 2567 a)
452 2524 559 2559 Diese
599 2516 829 2568 I'J‘Inersohrift
858 2536 933 2559 nur
964 2524 1007 2558 in
1040 2524 1094 2567 Μ,
1126 2535 1178 2558 wo
1210 2523 1295 2558 aher
1335 2522 1420 2557 Ded.
1452 2522 1531 2556 mul
1560 2521 1648 2567 Ary.
1671 2521 1811 2566 'fehlem

248 2583 284 2627 b)
312 2583 530 2628 [Gur-sires]
558 2584 608 2618 z'st
634 2584 736 2618 mci-n
754 2576 902 2618 Zusatz.
954 2584 986 2627 c)
1011 2583 1150 2618 Zahlen
1174 2583 1294 2627 selden
1319 2581 1404 2616 Hss.
1455 2582 1492 2625 d)
1518 2580 1712 2616 Dedicatz'o
1737 2592 1813 2615 nur

222 2684 225 2686 Α
249 2643 293 2677 in
318 2643 406 2684 Dm,
439 2654 491 2677 wo
523 2655 613 2677 neue
644 2643 742 2687 Lasso
775 2643 1097 2687 (walzrseleeinlich
1127 2642 1223 2676 eiust
1254 2641 1466 2675 besonderer
1495 2641 1618 2683 Bana)
1650 2640 1808 2685 beyinnt.

250 2703 283 2746 e)
310 2702 425 2737 beniv.
452 2702 622 2747 gratiosos
650 2703 731 2736 Dm.
805 2703 833 2747 f)
858 2702 1024 2737 ridiculos
1050 2702 1132 2736 Dm.
1207 2702 1242 2746 g)
1269 2700 1422 2735 crebeso.
1448 2700 1532 2735 Dm.

394 2786 427 2830 1)
442 2786 624 2830 Finnicus,
645 2786 759 2820 Praef.
775 2785 992 2820 Matheseos:
1020 2785 1217 2819 liventibus
1237 2783 1384 2829 spumis
1404 2783 1610 2818 obatresoit.
1661 2783 1697 2827 2)
1712 2776 1812 2818 Aha-

253 2846 324 2881 lich
351 2847 432 2890 Arg.
462 2847 502 2879 11
531 2846 603 2880 und
629 2845 698 2879 ΗΠ.
726 2845 763 2889 6,
792 2845 829 2879 ⁶2:
855 2856 950 2879 nova
975 2844 1131 2878 nocendi
1154 2843 1274 2887 fraus.
1350 2844 1385 2887 3)
1412 2842 1490 2888 Vgl.
1518 2843 1586 2877 ΗΠ.
1613 2843 1646 2887 9,
1673 2843 1704 2877 7.
