2008 3236
449 196 580 240 Quadr.
605 198 772 242 Argum.
798 195 962 231 28-32
1015 193 1119 230 Buch
1143 193 1179 228 1:
1207 193 1332 229 IGuut
1355 192 1494 238 Prolog.
1693 185 1748 223 89

194 331 241 373 et
254 329 344 383 vite
363 328 432 371 vel
452 319 632 370 virtutis.
694 326 785 383 [28]
804 325 862 369 Et
889 339 973 382 que
1002 338 1079 381 per
1097 325 1305 381 parentis·
1339 323 1502 366 rivulos
1531 323 1752 380 probitatis

194 396 330 443 fluvi·
367 399 527 455 passim
566 398 741 440 diducta
786 399 906 451 suut,
946 396 1016 438 hie
1055 397 1100 438 in
1138 408 1277 437 unum
1313 393 1540 437 bonitatis*
1581 395 1752 462 alveum

61 441 91 513 ,ζῇ
144 524 147 525 ⁷
196 469 435 514 „annam
471 470 707 524 videamus,
754 468 832 511 ubi
866 467 998 524 prolis
1045 467 1190 520 inclite
1231 479 1432 522 generose
1475 466 1752 522 propagines¹

197 540 391 584 umbram
408 540 532 583 fessis
548 544 782 596 potumque
800 538 1041 582 sitientibus
1060 541 1180 594 grata
1199 538 1475 594 perpetuitate
1492 537 1751 579 conciliant⁰.

197 611 288 668 [29]
316 611 374 654 Et
401 611 440 654 si
469 612 599 654 tantis
630 610 906 654 dicendorum
936 609 1069 665 copiis
1099 621 1187 651 non
1217 606 1437 664 aspirem‘,
1472 612 1614 650 tamen
1642 607 1752 662 bone

196 683 427 726 voluntatis
462 682 658 725 affectum
694 684 930 724 monstrare
965 680 1173 736 disposui,
1214 691 1394 733 memor,
1435 678 1753 733 Sydonianum⁸

196 752 459 797 saltatorem‘
482 753 585 796 Jovi
614 753 828 810 quondm
858 751 1077 808 placuisse.

315 823 406 881 [30]
442 823 585 880 Hujus
619 825 775 881 igitur‘
816 824 953 879 operis
988 823 1174 878 primum
1209 821 1393 864 librum²
1434 821 1649 875 transtuli,
1689 833 1754 863 se-

198 895 389 939 eundum
425 895 603 951 collegi-⁹·
643 898 702 949 et,
743 893 925 950 amplius
960 896 1178 949 evagatus,
1220 892 1486 948 quarundam
1530 905 1754 935 causarum

197 968 434 1010 necessaria
465 966 665 1022 capitula,
704 965 926 1008 cotidianis
965 961 1346 1007 decertationibus*¹
1382 967 1496 1019 apta,
1532 962 1754 1017 subiunxi,

198 1037 290 1095 [31]
327 1037 443 1094 quod
479 1038 525 1079 in
562 1037 776 1092 quinque⁴
811 1035 1052 1078 libellorum
1089 1033 1379 1090 diapsalmate¹
1414 1034 1602 1088 titulavi,
1642 1034 1755 1076 sicut

197 1109 376 1165 antiqua
409 1111 576 1165 patrum
613 1107 836 1163 disciplina
869 1107 1091 1163 predocuit
1132 1106 1202 1148 vel
1238 1107 1348 1148 sicut
1383 1118 1496 1148 nova
1531 1104 1754 1147 moderno-

196 1193 294 1223 rum
322 1179 507 1222 sollertia
535 1179 768 1235 castigavit.

317 1250 407 1306 [32]
438 1249 663 1293 “Primus
692 1249 824 1292 liber
859 1249 1091 1292 continet
1126 1249 1267 1304 leges
1297 1248 1539 1304 Anglicas
1576 1249 1630 1289 in
1666 1246 1755 1290 La-

197 1322 360 1365 tinum
390 1322 683 1375 translatas,
713 1321 969 1363 secundus
998 1320 1150 1362 habet
1179 1319 1390 1375 quedam
1420 1319 1611 1374 scripta
1633 1323 1755 1361 tem-

197 1393 336 1449 poris
365 1391 555 1435 nostri⁵
584 1392 890 1446 necessaria,
921 1392 1129 1434 tertius⁸
1159 1394 1235 1433 est
1270 1390 1330 1432 de
1360 1393 1576 1433 statuet
1605 1402 1756 1446 agen-

199 1463 278 1507 dis
306 1476 591 1516 causarum3
630 1464 867 1519 quartus⁷
896 1466 972 1505 est
1007 1462 1067 1505 de
1094 1462 1233 1504 furto
1265 1465 1313 1504 et
1348 1461 1584 1517 partibus
1614 1459 1755 1504 eius.¹

1441 1627 1541 1682 [¹¹²1.
1553 1628 1754 1683 Buca]
1789 1635 1791 1637 >

317 1722 441 1769 ’Hes‘
470 1724 555 1758 sunt
583 1722 746 1758 instituta
775 1722 935 1765 Caudi»,
965 1721 1069 1766 regis
1094 1721 1304 1767 Anglorum,
1336 1721 1534 1766 Danorum,
1565 1721 1756 1768 Norwega-

198 1781 336 1828 rumfl’,
365 1782 614 1818 venerando
638 1781 838 1827 sapientum
862 1781 960 1817 eius¹
989 1780 1134 1816 consilio
1157 1781 1201 1816 ad
1225 1779 1366 1816 laudem
1396 1783 1458 1815 et·
1483 1779 1666 1826 gloriam
1689 1781 1756 1816 Dei

304 1878 340 1922 a)
351 1888 392 1913 so
406 1876 485 1919 Hk;
510 1887 574 1922 per
588 1876 728 1921 arentis,
749 1876 924 1922 yeiindert
937 1887 999 1921 per
1016 1877 1155 1911 arentes
1167 1875 1239 1910 Dm
1246 1888 1259 1918 ,-
1285 1886 1349 1921 per
1365 1877 1505 1911 arentes
1521 1875 1555 1910 T.
1605 1876 1642 1919 b)
1655 1876 1756 1911 boni·

199 1939 311 1974 tatem
321 1936 461 1972 alucam
474 1935 545 1972 Hk.
600 1937 634 1980 c)
647 1935 847 1971 conciliavit
861 1935 895 1971 T.
944 1936 981 1980 d)
995 1935 1189 1971 verbosam
1208 1946 1279 1971 aus
1292 1935 1488 1980 aspicerem
1510 1935 1543 1970 Τ.
1592 1935 1627 1980 e)
1639 1935 1704 1970 sid.
1721 1935 1755 1970 T.

199 1996 231 2041 f>
253 1995 377 2032 salvat.
390 1995 474 2031 Dm.
488 1995 558 2030 Hk.
618 1996 654 2040 g)
680 2005 763 2041 ergo
778 1994 812 2029 T.
873 1995 913 2039 h)
938 1994 1247 2030 detractationibus
1262 1994 1296 2029 Τ.
1351 1994 1378 2039 i)
1403 1993 1562 2030 dissalm.
1587 1994 1672 2029 Dm.
1686 1994 1755 2029 Hk.

201 2055 239 2101 k)
261 2054 345 2091 bier
367 2054 516 2100 bcqinnt
539 2054 592 2095 Β,-
626 2054 719 2100 §32
741 2054 822 2089 roth
846 2054 890 2089 R.
916 2054 1000 2088 Dm.
1029 2053 1063 2088 T.
1089 2053 1159 2089 Hk.
1266 2053 1294 2098 l)
1312 2053 1390 2089 Hec
1414 2053 1601 2099 desumpta
1624 2064 1644 2088 e
1668 2053 1757 2089 libro

200 2114 314 2152 veteri
341 2113 491 2150 ecclesie
515 2113 789 2159 wigorniensis,
827 2113 885 2148 cui
915 2112 1041 2148 titulus
1078 2114 1135 2148 est
1158 2113 1213 2148 De
1243 2113 1360 2148 officio
1389 2113 1516 2157 misse,
1529 2108 1539 2118 ⁹
1553 2113 1757 2148 charactere

201 2172 373 2209 saxonico
407 2172 490 2218 fiiqi
520 2172 580 2207 Hk
608 2172 747 2213 hiram
784 2183 814 2206 s.
842 2171 943 2206 Eira.
971 2172 1050 2208 101.
1123 2172 1174 2216 m)
1207 2163 1438 2216 Uber-schrift
1460 2171 1550 2216 fehlt
1574 2172 1644 2206 den
1670 2171 1755 2207 Hss.

201 2232 243 2277 n)
265 2231 493 2273 Absclmitte,
518 2231 674 2273 Zamen,
699 2231 856 2266 Zeiclaeen
879 2243 950 2266 aus
978 2231 1139 2266 Schmid.
1200 2234 1235 2274 ο)
1259 2231 1342 2266 hier
1366 2231 1516 2276 beqinm
1543 2230 1637 2266 Hk’s
1663 2231 1757 2266 alter

207 2291 310 2327 wecil
345 2291 438 2336 (und
472 2290 611 2336 beqann
648 2291 746 2325 ein-st
779 2290 838 2331 M‚·
874 2302 904 2325 ε.
938 2290 1039 2325 Einl.
1072 2290 1144 2335 99).
1241 2291 1279 2335 p)
1304 2290 1408 2326 Cnuti
1436 2290 1479 2332 T‚·
1518 2289 1646 2325 Canuti
1678 2290 1755 2331 Hlx

60 2340 70 2373 Γῆ
120 2391 124 2393 .
202 2349 336 2386 Kanuti
351 2349 416 2385 Br.
489 2351 527 2395 q)
546 2361 642 2396 -gor.
665 2350 707 2391 T,·
730 2349 1019 2396 Norwiganorum
1031 2349 1095 2384 Br.
1168 2351 1200 2394 r)
1219 2360 1249 2384 c.
1262 2360 1293 2384 e.
1306 2350 1353 2385 R.
1426 2351 1458 2394 s)
1483 2351 1520 2384 et
1537 2361 1570 2395 g.
1589 2349 1679 2394 fehlt
1692 2350 1756 2384 Br.

311 2422 347 2466 1)
372 2420 684 2457 Adela-Mathilde
707 2423 750 2466 (s.
764 2420 800 2457 S.
813 2421 872 2466 86,
897 2422 1000 2456 Anm.
1014 2422 1051 2466 6)
1070 2421 1144 2456 und
1157 2420 1345 2465 Wilhelm,
1370 2422 1433 2456 der
1456 2420 1567 2456 sehon
1593 2421 1685 2456 1120
1708 2421 1757 2455 im

205 2479 369 2516 παίω
391 2479 504 2516 Schiff
524 2473 721 2526 finterging.
794 2481 830 2525 2)
856 2480 1018 2516 Genauer
1040 2479 1246 2515 wiederholt
1268 2482 1289 2525 ς
1313 2480 1370 2515 32.
1450 2481 1486 2524 3)
1511 2479 1591 2525 Vgl.
1617 2480 1669 2523 Π,
1698 2481 1756 2514 17:

205 2538 281 2574 Hoc
303 2539 347 2573 de
370 2550 487 2574 causa
505 2539 678 2574 Anselmi
701 2551 785 2574 cum
810 2551 890 2584 reqe
915 2539 1053 2584 eollcqi.
1126 2540 1164 2584 4)
1189 2539 1268 2574 Von
1281 2538 1536 2584 Fiinftheilung
1559 2539 1678 2573 bieten
1702 2539 1757 2573 die

205 2597 289 2632 Hss.
318 2597 420 2633 keine
449 2597 551 2642 Spur.
623 2599 661 2642 5)
691 2598 851 2633 Librum
882 2625 890 2632 .
911 2626 919 2633 .
951 2598 1070 2633 ist-um
1101 2626 1108 2632 .
1130 2625 1138 2633 .
1170 2598 1293 2633 nostri
1329 2598 1506 2643 temporis
1542 2601 1757 2642 arma-mento

205 2655 403 2697 eonstitui;
428 2658 538 2691 unten
554 2656 602 2702 Π,
617 2659 649 2702 1,
665 2658 719 2692 13.
791 2658 829 2702 6)
853 2657 1000 2692 Hierfiir
1022 2657 1110 2692 hielt
1134 2657 1288 2692 Madden
1313 2656 1511 2703 (grundlos3
1537 2667 1565 2692 s.
1580 2656 1669 2691 Einl.
1697 2657 1757 2701 23)

206 2715 275 2749 den
286 2715 628 2760 Pseudo-Ulpianus
652 2716 704 2750 De
727 2717 871 2758 edendo,
897 2716 1052 2752 welcher
1068 2717 1105 2751 in
1119 2717 1177 2752 Hk
1196 2717 1259 2752 auf
1274 2716 1375 2751 Buch
1389 2716 1434 2751 Π.
1455 2716 1552 2760 folgt.
1605 2717 1639 2759 Τ)
1655 2715 1756 2750 Hier-

207 2784 279 2809 von
301 2773 404 2818 fehlt,
428 2774 496 2810 wie
519 2785 590 2809 von
612 2775 798 2819 BuchIII,
825 2776 907 2820 jede
933 2775 1025 2820 Spm·
1047 2776 1084 2810 in
1109 2777 1177 2810 den
1190 2776 1272 2810 Hss.
1321 2776 1359 2819 8)
1385 2775 1515 2810 Diesen
1540 2778 1659 2809 ersten
1673 2774 1756 2809 Satz

207 2833 372 2868 benutzoe
385 2833 441 2867 Vf.
467 2833 556 2868 oben
568 2832 650 2878 Arg.
665 2834 735 2868 2ff.
785 2835 821 2879 9)
845 2835 894 2869 Es
919 2834 1006 2880 folgt
1029 2835 1182 2879 hieraus,
1207 2835 1290 2869 dass
1315 2835 1395 2869 dem
1410 2833 1650 2878 Quadi-ipartit
1675 2844 1756 2868 vom

1786 1691 1821 1726 [Ι
1837 1691 1950 1726 aust]

1787 1732 1907 1768 [fid-J
